1414 2666
172 133 222 173 56
618 145 812 173 ammos
839 145 898 174 111.

171 241 366 279 Subducta
381 241 428 278 ad
450 241 572 278 Manis
590 241 684 279 imos
703 242 907 280 desidimus
926 242 1041 280 unda.
1264 241 1341 281 565

171 295 247 332 Ter
267 296 409 344 scopuli
428 295 626 332 clamorem
644 296 743 333 inter
762 309 854 333 cava
872 309 962 333 saxa
981 295 1141 334 dedere:

172 347 246 385 Ter
265 362 431 399 spumam
451 349 580 386 elisam
598 354 636 387 et
655 350 821 388 rorantia
839 349 1002 387 vidimus
1021 354 1133 387 astra.

172 402 322 440 Interea
341 403 455 439 fessos
476 408 612 440 ventus
627 415 711 439 cum
728 398 805 440 sol'e
824 403 976 451 reliquit
994 416 1003 447 ;

173 455 375 505 Ignarique
394 455 475 492 viae
496 455 703 505 Cyclopum
723 457 931 494 adlabimur
949 457 1037 494 oris.

228 510 364 547 Portus
384 509 431 546 ab
449 522 598 546 accessu
617 514 814 547 ventorum
833 511 1019 555 immotus,
1040 514 1078 548 et
1096 509 1225 557 ingens
1269 505 1348 546 570

172 563 256 612 Ipse
272 577 280 600 :
311 563 376 599 sed
395 563 575 599 horrificis
589 563 701 610 juxta
719 568 828 602 tonat
846 565 972 601 Aetna
989 563 1119 608 ruinis,

172 616 441 665 Interdumque
461 623 579 654 atram
598 617 808 666 prorumpit
827 617 874 654 ad
894 617 1045 655 aethera
1063 616 1214 661 nubem,

174 670 343 707 Turbine
360 670 566 708 fumantem
585 670 702 718 piceO,
723 677 761 708 et
781 671 967 708 candente
985 670 1138 714 favilla;

172 724 400 772 Attollitque
418 724 552 772 globos
569 723 813 770 flammarum,
835 730 873 762 et
892 724 1015 761 sidera
1033 722 1187 761 lambit:

172 777 366 815 Interdum
386 778 569 826 scopulos,
589 777 785 826 avolsaque
803 780 944 815 viscera
962 777 1112 823 montis,
1271 775 1348 814 575

172 830 296 880 Erigit
315 837 498 875 eructans,
517 831 790 880 liquefactaque
810 844 898 868 saxa
916 831 986 868 sub
1005 843 1114 868 auras

172 885 266 922 Cum
286 884 428 933 gemitu
448 884 642 932 glomerat,
664 883 855 933 fundoque
875 888 1068 922 exaestuat
1086 883 1173 922 imo.

173 938 286 975 Fama
306 943 374 982 est,
395 937 585 981 Enceladi,
608 937 825 976 semiustum
844 937 1012 984 fulmine,
1032 950 1166 987 corpus

174 991 340 1040 Urgueri
361 991 456 1027 mole
474 991 555 1035 hac,
575 991 841 1039 ingentemque
859 992 1011 1041 insuper
1032 992 1193 1029 Aetnam

172 1045 388 1094 Impositam
406 1045 527 1093 ruptis
545 1045 730 1081 flammam
750 1045 938 1095 exspirare
956 1044 1110 1083 caminis
1126 1057 1135 1088 ;
1271 1041 1349 1082 580

173 1098 235 1144 Et,
255 1098 391 1135 fessum
412 1098 558 1147 quoties
576 1101 695 1136 mutet
713 1099 822 1143 latus,
843 1099 1042 1136 intremere
1061 1109 1209 1136 omnem

172 1152 367 1189 Murmure
387 1152 630 1196 Trinacriam,
651 1159 689 1191 et
709 1152 855 1190 coelum
874 1153 1074 1190 subtexere
1091 1151 1206 1189 fumo.

172 1206 333 1243 Noctem
352 1205 453 1242 illam
473 1205 565 1243 tecti
584 1206 684 1244 silvis
703 1206 881 1244 immania
899 1212 1069 1243 monstra

176 1258 426 1303 Perferimus;
456 1271 537 1304 nec,
558 1271 653 1308 quae
672 1260 836 1298 sonitum
856 1260 921 1297 det
939 1271 1080 1303 caussa,
1100 1257 1293 1295 videmus:

173 1313 272 1350 Nam
290 1325 413 1361 neque
431 1320 538 1350 erant
556 1319 740 1350 astrorum
755 1313 873 1362 ignes,
887 1325 956 1350 nec
968 1312 1114 1350 lucidus
1129 1312 1259 1350 aethra
1272 1310 1350 1349 585

174 1366 327 1404 Siderea
345 1366 463 1415 polus,
485 1367 644 1403 obscuro
662 1367 728 1404 sed
747 1367 875 1404 nubila
894 1367 996 1404 coelo
1012 1379 1022 1410 ;

174 1420 225 1458 Et
243 1421 370 1457 lunam
390 1420 430 1456 in
448 1419 577 1457 nimbo
596 1432 672 1457 nox
691 1421 916 1470 intempesta
934 1419 1099 1458 tenebat.

226 1474 382 1511 Postera
393 1473 545 1521 jamque
564 1473 643 1510 dies
662 1474 781 1523 primo
801 1474 978 1523 surgebat
994 1472 1088 1519 Eoo,

173 1527 479 1574 Humentemque
498 1527 646 1564 Aurora
666 1527 753 1576 polo
768 1527 976 1565 dimoverat
995 1527 1167 1564 umbram
1183 1539 1191 1564 :

175 1582 302 1627 Quum
322 1580 446 1617 subito
464 1592 485 1616 e
504 1580 617 1625 silvis,
641 1581 759 1618 macie
778 1581 948 1619 confecta
966 1592 1149 1630 suprema,
1274 1578 1352 1618 590

173 1634 300 1684 Ignoti
319 1646 417 1671 nova
436 1633 555 1670 forma
573 1634 654 1680 viri,
674 1635 960 1684 miserandaque
979 1634 1095 1677 cultu,

174 1688 363 1730 Procedit,
385 1687 616 1736 supplexque
635 1700 767 1725 manus
787 1688 834 1725 ad
852 1688 980 1726 littora
999 1687 1135 1725 tendit.

173 1741 422 1791 Respieimus.
478 1740 573 1778 Dira
593 1741 748 1788 illuvies,
770 1742 1004 1790 immissaque
1015 1741 1142 1786 barba,

175 1797 400 1833 Consertum
420 1799 598 1842 tegumen
619 1795 758 1843 spinis:
789 1801 828 1833 at
847 1801 971 1833 cetera
991 1795 1138 1839 Graius,

176 1850 231 1888 Ut
251 1848 438 1897 quondam
459 1849 588 1895 patriis
608 1849 657 1885 ad
678 1848 708 1884 Τ
712 1848 829 1897 rojam
847 1849 980 1885 missus
999 1849 1040 1885 in
1059 1848 1182 1886 armis.
1275 1847 1352 1887 595

175 1904 298 1952 Isque,
319 1901 384 1937 ubi
406 1900 620 1938 Dardanios
639 1901 804 1946 habitus,
825 1906 864 1939 et
885 1902 1000 1939 Troia
1018 1902 1114 1940 vidit

175 1958 292 1994 Arma
311 1954 452 2004 procul,
474 1955 651 2003 paullum,
673 1955 851 2004 adspectu
871 1955 1108 2002 conterritus,
1128 1954 1261 2002 haesit,

176 2008 454 2056 Continuitque
471 2008 626 2056 gradum
643 2022 651 2046 z
681 2021 769 2046 mox
789 2022 869 2046 sese
889 2009 937 2046 ad
955 2010 1086 2048 littora
1103 2020 1281 2060 praeceps

176 2064 272 2101 Cum
291 2062 382 2099 fletu
402 2062 648 2110 precibusque
666 2063 775 2100 tulit:
807 2062 881 2100 Per
899 2063 1021 2100 sidera
1038 2067 1166 2109 testor,

177 2118 250 2155 Per
269 2127 434 2165 superos,
453 2120 566 2164 atque
585 2115 656 2152 hoc
676 2116 769 2153 coeli
788 2116 965 2165 spirabile
983 2116 1136 2162 lumen;
1274 2115 1354 2155 600

177 2170 317 2208 Tollite
334 2181 406 2212 me,
428 2168 589 2206 Teucri:
621 2182 875 2219 quascumque
894 2170 1069 2207 abducite
1084 2176 1214 2208 terras.

173 2225 260 2262 Hoc
279 2227 336 2260 sat
354 2221 436 2259 erit.
493 2222 579 2259 Scio
597 2235 656 2260 me
675 2223 818 2260 Danais
837 2236 858 2261 e
876 2223 1052 2262 classibus
1069 2235 1197 2270 unum,

176 2278 229 2316 Et
245 2276 345 2314 bello
365 2275 497 2312 Iliacos
515 2275 635 2313 fateor
653 2279 791 2326 petisse
807 2277 968 2315 Penates
984 2290 995 2325 3
1181 2271 1185 2275 ⁵

180 2332 255 2369 Pro
274 2341 360 2378 quo,
381 2329 412 2365 si
431 2329 578 2367 sceleris
597 2335 705 2368 tanta
723 2336 780 2368 est
797 2330 935 2381 injuria
953 2331 1084 2377 nostri,

178 2383 355 2435 Spargite
374 2394 433 2420 me
451 2382 492 2420 in
509 2383 658 2431 fluctus,
679 2389 858 2435 vastoque
875 2384 1087 2435 immergite
1104 2387 1235 2435 ponto.
1272 2381 1352 2422 ⁶05
