1475 2712
95 191 174 244 111.]
614 201 735 228 usn.
1212 191 1234 228 5
1242 192 1261 227 1

95 298 245 336 Indolui
265 312 274 344 ;
302 299 534 348 patriamque
552 297 640 334 dedi
658 297 740 342 tibi,
762 297 934 342 Romule,
954 300 1132 335 mentem.

148 352 254 390 Tolle
268 365 404 402 preces,
425 352 502 389 dixi
518 365 527 389 ε
557 351 654 400 quod
674 351 781 400 petie„
801 364 902 388 arma
920 351 1074 388 dabunt.

94 405 206 444 Festa
223 419 312 456 para
333 407 455 443 Conso
470 419 478 443 :
510 405 654 442 Consus
672 404 740 442 tibi
759 410 892 442 caetera
910 405 1020 451 dicet,

146 459 215 497 Illo
233 460 330 498 sacta
349 461 408 497 die
427 471 511 496 cum
529 471 595 496 sua
613 470 715 496 sacra
729 470 850 495 canes.
1181 457 1259 495 200

94 512 309 551 Intumuere
330 513 458 558 Cures,
478 517 515 550 et
534 524 625 561 quos
645 512 752 549 dolor
770 512 897 560 attigit
915 511 1013 549 idem
1034 525 1043 556 ;

146 567 244 604 Tum
264 567 423 616 primum
440 566 586 615 generis
604 565 732 603 intulit
752 578 854 602 arma
874 578 990 602 socer.

90 620 249 668 Jamque
264 621 339 658 fere
357 625 472 669 raptae
492 625 650 656 matrum
670 631 814 667 quoque
836 631 969 655 nomen
989 619 1176 658 habebant
1193 635 1202 658 :

145 673 355 723 Tractaque
373 678 479 711 erant
498 673 609 722 longa
627 673 724 710 bella
739 673 946 722 propinqua
965 685 1078 711 mora.

91 727 329 765 Conveniunt
348 732 473 776 nuptae
495 727 630 764 dictam
650 726 675 763 J
681 726 812 763 unonis
830 727 869 762 in
885 727 1026 763 aedem:
1179 727 1255 765 205

143 780 246 826 Quas
264 781 362 818 inter
381 794 462 818 mea
481 781 531 818 sic
549 786 604 818 est
623 792 737 817 nurus
752 792 833 816 orsa
850 779 950 828 loqui
966 794 975 818 :

87 833 121 871 Ο
142 835 279 883 pariter
298 841 424 884 raptae,
446 834 619 883 quoniam
638 835 708 871 hoc
728 845 922 871 commune
944 842 1122 880 tenemus,

139 888 227 925 Non
247 889 344 925 ultra
361 888 461 926 lente
480 901 672 937 possumus
691 901 769 925 esse
787 888 869 936 piae.

87 941 197 979 Stant
216 942 333 986 acies;
365 942 430 978 sed
448 949 532 979 utra
551 942 589 979 di
608 942 682 979 sint
700 954 766 990 pro
786 948 890 990 parte
908 942 1075 989 rogandi,

138 994 288 1044 Eligite.
345 995 447 1032 Hinc
466 995 614 1043 conjux,
639 995 726 1032 hinc
745 1002 851 1044 pater
872 1008 975 1032 arma
994 1002 1135 1034 tenent.
1179 997 1256 1033 210

86 1048 350 1094 Quaerendum,
370 1049 491 1086 viduae
511 1049 590 1086 fieri
606 1050 785 1093 malimus,
807 1061 852 1085 an
874 1050 988 1085 orbae.

137 1102 343 1139 Consilium
363 1103 465 1139 vobis
484 1103 579 1140 forte
598 1103 772 1152 piumque
787 1102 896 1138 (labo.

84 1154 287 1192 Consilium
307 1156 474 1193 dederat.
531 1156 677 1202 Parent,
699 1157 908 1204 crinemque
927 1156 1127 1202 resolvunt,

135 1208 340 1257 Maestaque
358 1209 510 1246 funerea
529 1222 685 1259 corpora
703 1215 805 1247 veste
822 1215 972 1257 tegunt.

81 1262 106 1299 J
109 1275 167 1300 am
187 1263 335 1300 stabant
354 1262 449 1299 acies
467 1262 565 1299 ferro
586 1263 769 1310 mortique
787 1271 924 1311 paratae
943 1278 951 1309 ;

133 1316 219 1353 Jam
237 1316 352 1353 lituus
372 1327 506 1364 pugnae
527 1317 633 1364 signa
652 1316 809 1353 daturus
828 1322 907 1353 erat
923 1329 930 1353 ε

79 1369 175 1406 Cum
193 1374 307 1418 raptae
328 1370 482 1406 veniunt
500 1369 598 1406 inter
617 1376 813 1418 patresque
828 1369 997 1418 virosque
1016 1384 1025 1415 ;

131 1423 245 1472 Inque
264 1423 345 1459 sinu
374 1429 480 1460 natos
500 1423 656 1471 pignora
675 1436 758 1459 cara
776 1423 914 1460 ferunt.

80 1476 134 1514 Ut
153 1477 315 1514 medium
335 1477 455 1525 campi
472 1477 587 1525 passis
605 1477 764 1525 tetigere
783 1477 924 1525 capillis
940 1491 948 1521 ;

132 1530 173 1566 In
188 1537 323 1568 terram
344 1531 466 1578 posito
487 1531 718 1579 procubuere
737 1543 851 1578 genu.
1171 1532 1248 1569 220

77 1584 139 1628 Et,
159 1584 259 1632 quasi
280 1584 473 1628 sentirent,
497 1584 635 1620 blando
654 1584 813 1620 clamore
832 1590 986 1632 nepotes

130 1638 352 1675 Tendebant
371 1637 418 1674 ad
437 1650 523 1674 avos
544 1637 692 1675 brachia
710 1650 824 1687 parva
843 1650 940 1675 suos.

76 1690 153 1737 Qui
172 1696 329 1740 poterat,
351 1691 534 1728 clamabat
552 1704 672 1736 avum,
695 1696 775 1729 tum
794 1691 954 1740 denique
974 1692 1110 1736 visum;

130 1744 180 1782 Et
198 1744 258 1792 qui
281 1745 344 1781 vix
362 1750 520 1794 poterat,
541 1758 648 1794 posse
668 1749 817 1782 coactus
837 1755 927 1782 erat.

75 1798 168 1835 Tela
185 1798 272 1834 viris
292 1798 509 1847 animusque
529 1799 668 1837 cadunt
687 1812 696 1843 3
725 1798 930 1847 gladiisque
948 1799 1101 1837 remotis
1167 1800 1242 1837 225

126 1851 231 1889 Dant
251 1853 365 1888 soceri
383 1852 534 1899 generis,
553 1853 819 1901 accipiuntque,
842 1865 982 1890 manus.

74 1904 333 1954 Laudatasque
350 1910 480 1943 tenent
499 1912 604 1943 natas
626 1920 633 1943 :
664 1912 841 1954 scutoque
860 1913 1032 1954 nepotem

129 1958 220 1996 Fert
240 1971 329 1995 avus
350 1973 358 1996 ε
389 1959 449 1996 hic
468 1960 563 1998 scuti
583 1960 727 1997 dulcior
746 1972 833 1996 usus
853 1968 945 1997 erat.

73 2012 166 2048 Inde
186 2012 297 2057 diem,
318 2025 400 2061 quae
421 2013 548 2062 prima,
565 2025 663 2050 meas
683 2013 869 2050 celebrare
890 2013 1079 2052 Kalendas

126 2065 319 2102 OEbalides
339 2072 473 2103 matres
492 2079 567 2102 non
587 2067 667 2103 leve
687 2079 820 2103 munus
841 2067 992 2104 habent.
1163 2069 1241 2107 230

71 2119 134 2155 An
152 2119 246 2166 quia,
269 2120 450 2156 committi
470 2120 607 2157 strictis
626 2121 863 2157 mucronibus
883 2132 992 2167 ausae,

124 2172 314 2210 Finierant
333 2173 504 2222 lacrymis
525 2173 661 2211 Martia
676 2173 772 2210 bella
787 2174 864 2210 suis
883 2173 902 2211 ἱ)

70 2226 153 2270 Vel,
173 2227 274 2274 quod
293 2231 371 2264 erat
390 2227 437 2263 de
456 2239 515 2264 me
533 2227 688 2265 feliciter
708 2227 777 2264 Ilia
796 2233 924 2272 mater,

122 2279 212 2316 Rite
232 2280 358 2317 colunt
377 2285 511 2318 matres
526 2293 639 2327 sacra,
661 2281 831 2330 diemque
846 2294 966 2318 meum
985 2281 1005 2319 ‚⁹

71 2333 174 2378 Quid
189 2333 207 2370 ἶ)
236 2334 336 2382 quod
353 2333 480 2380 hiems,
502 2335 680 2384 adoperta
697 2335 794 2383 gelu,
816 2347 914 2372 nunc
934 2335 1091 2385 denique
1109 2337 1207 2375 cedit
1224 2351 1232 2381 ;

124 2386 173 2423 Et
192 2391 349 2435 pereunt
368 2387 474 2425 vietae
495 2388 570 2425 sole
589 2393 740 2437 tepente
757 2388 872 2425 nives.
1154 2391 1231 2429 235

69 2439 276 2479 Arboribus
291 2441 449 2479 redeunt
468 2442 632 2480 detonsoe
653 2442 790 2492 frigore
807 2441 956 2480 frondes
976 2455 985 2487 ;

1172 1264 1196 1300 10

1203 1265 1221 1301 μ.-

1229 1266 1249 1302 Cr
