1475 2712
64 239 143 291 11.]
477 236 821 277 GEORGICON.
1199 238 1251 274 29

65 348 198 395 Atque
217 347 258 383 in
278 358 318 384 se
337 357 405 383 sua
424 358 492 394 per
510 345 676 394 vestigia
694 345 867 382 volvitur
886 355 1021 381 annus.

65 401 128 437 Ac
141 399 224 448 jam
245 400 346 443 olim,
368 412 470 436 seras
490 399 618 446 posuit
638 411 725 436 cum
746 399 859 435 vinea
879 398 1046 442 frondes

65 454 248 501 Frigidus
267 459 305 491 et
325 452 432 490 silvis
452 452 597 501 Aquilo
618 453 784 489 decussit
804 452 986 488 honorem
1006 465 1015 493 3

64 507 157 544 Jam
178 513 258 543 tum
278 519 364 543 acer
382 518 492 543 curas
513 506 732 542 venientem
751 505 926 542 extendit
945 505 984 540 in
1005 515 1149 541 annum
1174 503 1251 539 405

64 560 262 605 Rusticus,
282 566 320 597 et
339 572 457 596 curvo
481 558 636 596 Saturni
658 560 772 595 dente
791 559 964 595 relictam

64 613 318 662 Persequitur
336 613 455 649 vitem
476 613 696 658 adtendens,
719 613 906 661 fingitque
926 610 1110 660 putando.

64 666 221 703 Primus
240 667 399 703 humum
419 666 551 710 fodito,
574 666 720 714 primus
740 667 902 702 devecta
923 670 1092 701 cremato

68 719 281 763 Sarmenta,
302 726 340 757 et
361 720 479 756 vallos
507 720 651 768 primus
671 721 742 757 sub
762 725 862 756 tecta
881 718 1022 755 referto
1030 732 1040 761 3

64 773 289 810 Postremus
308 773 453 810 metito.
510 773 580 810 Bis
600 773 745 810 vitibus
764 772 913 820 ingruit
933 772 1084 814 umbra3
1175 770 1255 806 410

64 826 135 864 Bis
155 833 323 875 segetem
343 827 470 863 densis
490 827 686 864 obducunt
708 827 883 863 sentibus
900 826 1044 862 herbae:

66 880 199 917 Durus
219 886 380 928 uterque
398 880 520 917 labor.
577 880 750 916 Laudato
770 879 945 928 ingentia
963 891 1067 918 rura,

65 933 267 981 Exiguum
287 934 412 970 colito.
470 933 554 970 Nec
574 946 649 970 non
670 934 785 970 etiam
805 945 940 982 aspera
960 931 1064 968 rusci

69 987 226 1023 Vimina
246 1000 314 1035 per
333 987 469 1023 silvam
489 992 528 1023 et
547 987 643 1035 ripis
661 987 830 1023 fluvialis
850 986 997 1023 arundo

67 1039 250 1085 Caeditur,
271 1040 484 1088 incultique
504 1046 658 1077 exercet
678 1053 770 1077 cura
787 1039 926 1077 salicti.
1177 1036 1254 1072 415

64 1093 157 1131 Jam
177 1094 318 1130 vinctae
338 1094 446 1137 vites,
463 1093 544 1140 jam
564 1093 700 1131 falcem
721 1095 877 1130 arbusta
896 1096 1099 1141 reponunt,

64 1146 90 1184 ὖ
97 1159 156 1183 am
176 1147 279 1184 canit
299 1146 453 1183 effectos
473 1153 669 1184 extremus
689 1147 833 1183 vinitor
853 1151 978 1189 antes3

69 1200 318 1237 Sollicitanda
338 1205 464 1236 tamen
485 1200 612 1245 tellus,
631 1200 836 1248 pulvisque
855 1198 1086 1241 movendus3

64 1252 212 1301 Etjam
231 1253 392 1290 maturis
412 1255 641 1290 metuendus
660 1254 819 1302 Jupiter
839 1253 938 1289 uvis.

121 1306 266 1344 Contra
286 1319 362 1344 non
383 1307 461 1344 ulla
480 1313 537 1344 est
556 1307 649 1344 oleis
669 1307 831 1351 cultura,
853 1318 978 1354 neque
997 1305 1073 1341 illae
1177 1303 1267 1339 420⁴

64 1359 301 1397 Procurvam
328 1366 553 1408 exspectant
572 1360 708 1397 falcem
728 1366 948 1408 rastrosque
966 1365 1131 1402 tenaceS‚

68 1413 167 1451 Cum
187 1414 305 1450 semel
323 1414 515 1451 haeserunt
534 1415 649 1459 arvis,
671 1426 860 1462 aurasque
878 1413 1065 1450 tulerunt.

66 1466 157 1516 Ipsa
177 1467 268 1504 satis
287 1467 414 1513 tellus,
434 1480 521 1504 cum
542 1468 655 1504 dente
675 1468 888 1504 recluditur
910 1479 1018 1511 unco,

70 1520 221 1558 Sufficit-
239 1521 448 1565 humorem,
471 1526 508 1557 et
527 1521 718 1569 gravidas,
740 1533 829 1558 cum
848 1532 1014 1564 vomere,
1035 1517 1179 1568 fruges.

68 1574 156 1611 Hoc
175 1574 358 1622 pinguem
377 1580 414 1611 et
434 1575 614 1623 placitam
635 1575 727 1611 Paci
748 1574 915 1611 nutritor
936 1573 1094 1610 olivam.
1177 1571 1255 1608 425

120 1628 242 1664 Poma
260 1640 423 1675 quoque,
446 1633 487 1664 ut
509 1628 676 1676 primum
694 1634 852 1664 truncos
872 1639 1025 1664 sensere
1045 1626 1230 1670 valentes,

67 1680 121 1717 Et
142 1681 245 1718 vires
264 1681 433 1717 habuere
453 1694 555 1725 suas,
576 1682 623 1717 ad
644 1681 768 1718 sidera
786 1681 927 1727 raptim

67 1734 122 1771 Vi
142 1734 297 1782 propria
316 1734 506 1777 nituntur,
528 1734 687 1783 opisque
706 1734 810 1771 haud
829 1734 962 1782 indiga
981 1737 1137 1770 nostrae.

67 1787 153 1825 Neo
173 1788 301 1824 minus
320 1788 468 1825 interea
488 1787 568 1825 fetu
589 1800 724 1824 nemus
744 1800 855 1824 omne
875 1786 1080 1835 gravescit,

71 1840 377 1890 Sanguineisque
396 1841 543 1878 inculta
561 1842 702 1878 rubent
721 1840 868 1878 aviaria
888 1841 1029 1877 baccis.
1179 1839 1258 1875 430

69 1894 298 1931 Tondentur
316 1894 444 1944 cytisi,
462 1895 579 1932 taedas
599 1895 697 1932 silva
716 1895 793 1931 alta
812 1894 1017 1938 ministrat,

67 1947 363 1995 Pascunturque
381 1948 491 1997 ignes
511 1949 691 1985 nocturni
711 1954 747 1986 et
766 1948 914 1984 lumina
934 1947 1118 1983 fundunt.

69 2001 123 2039 Et
141 2001 320 2038 dubitant
338 2002 511 2038 homines
531 2014 657 2039 serere
676 2007 792 2051 atque
810 2001 1033 2049 impendere
1053 1997 1208 2036 curam?

72 2053 177 2100 Quid
195 2054 340 2102 majora
359 2054 721 2103 sequar?—Salices
741 2055 982 2102 humilesque
1001 2058 1179 2103 genestae,

69 2111 156 2145 Aut
174 2108 249 2144 illae
271 2108 399 2155 pecori
418 2108 603 2153 frondem,
625 2114 692 2146 aut
711 2109 928 2157 pastoribus
946 2108 1103 2144 umbras
1184 2104 1262 2142 435

74 2161 291 2206 Sufficiunt,
313 2173 517 2210 sepemque
537 2162 640 2208 satis,
661 2168 700 2199 et
719 2162 860 2211 pabula
880 2161 1053 2198 melli.—

70 2214 125 2251 Et
138 2214 253 2262 juvat
272 2215 482 2251 undantem
501 2216 609 2252 buxo
630 2221 801 2264 spectare
822 2214 1024 2264 Cytorum,

71 2267 112 2304 N
115 2267 330 2318 aryciaeque
350 2268 446 2316 picis
466 2268 571 2305 lucos
579 2283 589 2312 3
611 2267 726 2316 juvat
746 2281 840 2306 arva
862 2268 993 2304 videre

71 2321 163 2357 Non
182 2321 330 2366 rastris,
350 2322 549 2358 hominum
569 2334 645 2358 non
665 2322 734 2358 ulli
754 2322 923 2359 obnoxia
942 2332 1060 2358 curae.

71 2374 171 2421 Ipsae
192 2373 379 2412 Caucasio
400 2375 548 2412 steriles
568 2376 606 2411 in
629 2375 774 2412 vertice
795 2375 915 2419 silvae,
1185 2373 1266 2410 440

75 2426 180 2472 Quas
199 2428 360 2465 animosi
379 2427 478 2464 Euri
498 2429 650 2466 assidue
669 2428 932 2477 franguntque
951 2427 1172 2475 feruntque,

74 2480 180 2518 Dant
200 2481 294 2518 alios
315 2481 400 2518 aliae
419 2480 533 2525 setus3
553 2482 644 2519 dant
665 2482 759 2520 utile
778 2482 945 2531 lignum?
