1414 2666
174 170 227 207 44

621 179 836 207 CARMmUM
854 180 913 207 111.

444 275 642 325 culpante,
662 288 763 314 nunc
781 277 968 314 torrentia
985 289 1096 327 agros

387 329 530 375 Sidera,
550 341 652 366 nunc
668 329 808 367 hiemes
826 329 988 379 iniquas.

284 382 491 421 Contracta
508 382 628 432 pisces
646 395 810 432 aequora
828 383 1000 422 sentiunt

275 437 302 475 J
304 437 395 474 actis
414 437 454 473 in
473 436 592 474 altum
610 436 771 474 molibus
791 449 801 481 ;
830 437 905 474 huc
918 436 1095 487 frequens

335 488 546 528 Caementa
564 489 732 528 demittit
748 490 939 528 redemtor

384 543 482 581 Cum
500 543 662 589 famulis,
682 543 932 593 dominusque
949 548 1074 583 terrae

277 596 511 636 Fastidiosus
530 610 539 634 t
570 597 636 634 sed
657 597 787 635 Timor
806 602 846 636 et
871 597 1002 636 Minae

280 651 478 689 Scandunt
496 650 639 696 eodem,
660 662 735 700 quo
755 651 952 689 dominus:
981 662 1105 701 neque

333 704 497 742 Decedit
516 709 644 742 aerata
662 704 821 751 triremi,
842 709 880 743 et

386 757 478 796 Post
498 758 662 807 equitem
681 757 789 796 sedet
807 762 890 796 atra
910 757 1025 795 Cura.

284 811 399 857 Quod
417 812 449 849 si
467 811 659 849 dolentem
678 823 748 848 nec
767 809 956 861 Phrygius
974 809 1082 859 lapis,

278 865 361 903 Nec
379 877 632 914 purpurarum
652 863 774 901 sidere
793 864 930 902 clarior

332 917 489 956 Delenit
509 930 609 962 usus,
631 929 700 954 nec
720 917 882 955 Falerna

387 972 500 1018 Vitis,
522 971 896 1021 Achaemeniumque
914 975 1060 1009 costum
1080 984 1089 1014 ;

278 1025 356 1063 Cur
374 1025 590 1063 invidendis
608 1025 779 1074 postibus
798 1031 837 1063 et
855 1037 954 1062 novo

280 1080 448 1118 Sublime
466 1079 542 1117 ritu
560 1079 692 1116 moliar
713 1079 848 1116 atrium
862 1079 881 1115 ¹?

333 1132 415 1171 Cur
433 1133 531 1170 valle
550 1138 758 1181 permutem
781 1132 921 1169 Sabina

383 1186 548 1224 Divitias
568 1186 798 1236 operosiores
811 1186 831 1224 i>

689 1265 778 1302 ODE
800 1265 853 1302 ΙΙ.

275 1346 497 1381 ANGUSTAM
517 1344 634 1380 amice
653 1343 868 1392 pauperiem
889 1343 968 1392 pati

279 1398 474 1436 Robustus
494 1397 569 1434 acri
587 1397 721 1434 militia
741 1409 834 1445 puer

332 1451 546 1495 condiscat,
568 1456 606 1487 et
628 1449 789 1488 Parthos
802 1450 946 1488 feroces

384 1504 508 1541 Vexet
528 1516 641 1553 eques
660 1504 886 1541 metuendus
904 1504 1015 1542 hasta
1033 1516 1043 1546 ;

278 1559 482 1607 vitamque
501 1558 570 1595 sub
590 1557 678 1594 divo
697 1563 736 1595 et
755 1558 914 1607 trepidis
931 1563 1022 1607 agat

280 1612 325 1650 In
344 1613 467 1650 rebus.
525 1612 636 1648 Illum
657 1624 702 1649 ex
721 1611 918 1650 moenibus
936 1609 1092 1649 hosticis

331 1666 510 1703 Matrona
527 1665 704 1703 bellantis
722 1665 877 1714 tyranni

386 1719 634 1768 Prospiciens‚
656 1724 693 1756 et
710 1719 844 1757 adulta
862 1719 970 1768 virgo

276 1773 447 1823 Suspiret
466 1784 475 1809 ε
507 1772 615 1810 Eheu
636 1773 646 1810 ἶ
673 1785 722 1809 ne
741 1772 845 1809 rudis
864 1772 1058 1822 agminum

275 1827 442 1877 Sponsus
460 1826 617 1864 lacessat
635 1826 762 1874 regius
780 1839 952 1875 asperum

331 1880 454 1918 Tactu
472 1880 631 1924 leonem,
646 1892 759 1928 quem
778 1885 934 1917 cruenta

382 1933 457 1971 Per
474 1933 618 1970 medias
636 1933 736 1982 rapit
754 1933 811 1970 ira
825 1933 972 1971 caedes.

272 1987 397 2024 Dulce
415 1992 454 2025 et
472 1987 651 2024 decorum
668 1991 727 2024 est
745 1999 814 2035 pro
833 1987 957 2036 patria
974 1987 1071 2024 mori
1090 2000 1100 2026 t

276 2041 380 2078 Mors
399 2045 438 2079 et
456 2040 629 2089 fugacem
646 2040 886 2090 persequitur
904 2041 1052 2086 virum3

326 2095 408 2132 Nec
426 2094 546 2144 parcit
563 2093 723 2131 imbellis
732 2093 915 2143 juventae

385 2148 609 2197 Poplitibus,
628 2147 809 2186 timidove
827 2154 951 2197 tergo.

276 2201 421 2247 Virtus,
438 2201 610 2251 repulsae
628 2201 754 2239 nescia
771 2202 961 2248 sordidae,

276 2255 514 2294 Intaminatis
532 2255 648 2304 fulget
666 2255 896 2300 honoribus3

332 2309 415 2347 Nee
433 2309 546 2347 sumit
565 2314 632 2347 aut
649 2309 758 2359 ponit
777 2321 924 2347 secures

382 2363 555 2401 Arbitrio
571 2363 764 2413 popularis
782 2375 907 2402 aurae.

277 2416 422 2463 Virtus,
437 2416 636 2455 recludens
653 2417 851 2456 immeritis
868 2419 965 2457 mori

1310 487 1362 525 35

1309 754 1361 791 40

1305 1771 1357 1809 10

1302 2096 1352 2133 15

1300 2363 1353 2401 20
