1414 2666
186 168 237 205 20
649 180 842 209 AENEmos
860 181 889 208 1.

187 274 248 311 Tu
267 274 395 313 faciem
413 275 522 322 illius,
543 282 689 315 noctem
710 290 786 316 non
804 278 961 329 amplius
979 291 1102 327 unam,

190 328 291 366 Falle
306 329 404 375 dolo,
423 335 462 368 et
480 334 588 368 notos
607 331 711 379 pueri
723 344 815 379 puer
833 333 948 370 indue
966 333 1091 371 vultus
1111 346 1119 377 ;

190 383 254 427 Ut,
275 396 389 432 quum
408 387 447 420 te
463 384 605 432 gremio
623 385 778 434 accipiet
796 385 996 424 laetissima
1015 386 1129 433 Dido,

188 436 342 486 Regalis
359 438 457 474 inter
475 450 619 475 mensas
637 438 860 487 laticemque
879 438 1059 489 Lyaeum,
1279 441 1356 481 690·

190 491 316 536 Quum
336 490 440 528 dabit
459 491 662 540 amplexus,
684 497 796 540 atque
814 494 939 531 oscula
957 493 1080 531 dulcia
1093 493 1196 543 figet,

190 545 390 582 Occultum
409 544 566 593 inspires
584 544 720 594 ignem,
740 546 918 595 fallasque
937 559 1092 585 veneno.

191 599 301 636 Paret
321 599 438 635 Amor
457 598 566 636 dictis
586 611 693 636 carae
711 600 923 648 genetricis,
944 605 982 639 et
1001 601 1076 638 alas

187 652 314 698 Exuit,
335 657 373 689 et
391 663 520 700 gressu
539 653 708 701 gaudens
725 653 866 692 incedit
885 654 968 692 Iuli.

185 708 238 744 At
258 705 386 743 Venus
407 706 567 743 Ascanio
586 706 769 755 placidam
788 719 853 756 per
871 708 1036 745 membra
1053 708 1217 756 quietem
1278 707 1355 748 695

185 759 332 808 Irrigat,
353 764 402 804 et,
421 759 540 797 fotum
560 760 714 809 gremio,
733 760 804 797 dea
821 761 921 799 tollit
939 761 978 797 in
997 762 1091 800 altos

186 813 326 851 Idaliae
343 813 471 856 lucos;
500 813 564 850 ubi
583 813 704 851 mollis
723 826 912 852 amaracus
931 814 1037 852 illum

185 868 356 905 Floribus
371 871 408 904 et
426 866 526 903 dulci
544 867 737 916 adspirans
755 868 1015 916 complectitur
1033 868 1178 906 umbra.

182 922 341 969 Jamque
359 921 450 963 ibat,
471 920 572 957 dicto
587 932 730 969 parens,
751 930 790 958 et
808 921 907 958 dona
927 921 1074 970 Cupido

184 975 306 1024 Regia
323 974 497 1024 portabat
517 974 649 1023 Tyriis,
671 974 767 1011 duce
785 974 905 1013 laetus
924 975 1083 1013 Achate.
1276 977 1352 1015 700

185 1031 312 1075 Quum
331 1027 446 1073 venit,
468 1027 605 1065 aulaeis
618 1027 697 1076 jam
718 1041 756 1065 se
775 1028 906 1077 regina
924 1030 1092 1078 superbis

180 1087 308 1122 Aurea
326 1081 534 1131 composuit
553 1082 706 1130 sponda,
727 1082 959 1131 mediamque
977 1083 1124 1122 locavit.

232 1137 257 1175 J
260 1149 319 1174 am
337 1140 442 1185 pater
461 1136 619 1181 Aeneas,
639 1140 677 1173 et
690 1135 768 1184 jam
789 1136 952 1185 Trojana
963 1136 1143 1185 juventus

182 1191 432 1233 Conveniunt,
454 1194 644 1237 stratoque
661 1202 771 1238 super
788 1189 1034 1228 discumbitur
1052 1196 1166 1229 ostro.

182 1247 287 1284 Dant
305 1243 434 1280 famuli
452 1243 620 1280 manibus
639 1243 819 1292 lympbaS,
837 1243 1082 1292 Cereremque
1093 1243 1352 1287 canistris·705

182 1299 412 1350 Expediunt,
433 1297 622 1345 tonsisque
640 1297 766 1334 ferunt
780 1297 955 1335 mantelia
973 1298 1081 1336 villis.

183 1352 468 1402 Quinquaginta
485 1351 588 1388 intus
604 1350 776 1396 famulae,
797 1351 930 1399 quibus
950 1351 1081 1389 ordine
1098 1352 1212 1402 longo

182 1409 283 1445 Cura
299 1418 438 1457 penum
457 1410 611 1449 struere,
632 1409 670 1442 et
688 1404 844 1441 fiammis
862 1405 1011 1442 adolere
1034 1405 1194 1444 Penates
1211 1421 1220 1445 ε

182 1462 343 1499 Centum
364 1459 466 1504 aliae,
487 1458 719 1506 totidemque
737 1471 843 1507 pares
862 1463 984 1496 aetate
1002 1459 1173 1505 ministri,

183 1515 260 1562 Qui
279 1514 436 1563 dapibus
456 1525 600 1549 mensas
617 1519 785 1557 onerant,
806 1517 844 1550 et
863 1512 996 1561 pocula
1014 1520 1174 1562 ponunt·
1271 1513 1347 1553 710

183 1570 262 1607 Nec
280 1581 357 1605 non
376 1571 415 1604 et
435 1566 540 1615 Tyrii
558 1578 624 1615 per
643 1566 771 1602 limina
789 1566 886 1603 laeta
903 1566 1114 1614 frequentes

183 1624 412 1665 Convenere,
433 1620 525 1657 toris
533 1619 628 1669 jussi
647 1619 878 1656 discumbere
896 1620 1015 1669 pictis.

183 1678 368 1714 Mirantur
387 1674 486 1711 dona
505 1675 679 1710 Aeneae:
710 1674 892 1710 mirantur
912 1671 1047 1718 Iulum,

183 1731 477 1779 Flagrantesque
495 1727 555 1764 dei
574 1727 709 1771 voltus,
731 1727 976 1775 simulataque
993 1727 1116 1769 verba,

182 1785 406 1831 pallamque,
428 1787 466 1819 et
483 1781 624 1830 pictum
642 1793 772 1818 croceo
791 1781 958 1818 velamen
977 1781 1148 1819 acantho.
1272 1782 1347 1821 715

181 1837 382 1885 Praecipue
400 1835 541 1880 infelix,
562 1835 659 1884 pesti
678 1834 813 1872 devota
828 1834 986 1879 futurae,

181 1891 333 1941 Expleri
351 1893 513 1927 mentem
531 1888 672 1936 nequit,
693 1887 926 1935 ardescitque
939 1887 1093 1932 tuendo,

178 1945 391 1990 Phoenissa,
412 1948 450 1981 et
471 1942 607 1991 pariter
623 1954 740 1991 puero
758 1941 938 1990 donisque
956 1948 1141 1979 movetur.

176 2000 257 2044 Ille,
277 1998 341 2035 ubi
359 1996 554 2045 complexu
573 1996 723 2032 Aeneae
741 1995 909 2043 colloque
922 1995 1111 2045 pependit,

178 2053 229 2092 Et
249 2064 425 2101 magnum
443 2049 525 2086 falsi
543 2049 710 2098 implevit
728 2049 908 2097 genitoris
927 2061 1101 2094 amorem,
1270 2050 1346 2090 720

177 2107 364 2156 Reginam
384 2104 501 2155 petit:
529 2103 620 2140 haec
639 2103 764 2147 oculis,
785 2103 876 2140 haec
892 2108 1043 2152 pectore
1061 2108 1142 2142 toto

177 2161 322 2198 Haeret
340 2172 350 2204 3
379 2163 418 2196 et
435 2157 624 2195 interdum
641 2157 784 2205 gremio
802 2156 914 2201 fovet,
934 2156 1062 2201 inscia,
1082 2157 1198 2203 Dido,

179 2214 323 2252 Insidat
342 2216 504 2262 quantus
522 2210 678 2248 miserae
697 2210 800 2247 deus.
856 2210 911 2249 At
929 2221 1070 2248 memor
1087 2211 1150 2248 ille

179 2267 312 2306 Matris
332 2265 536 2309 Acidaliae,
555 2264 750 2314 paullatim
769 2264 918 2301 abolere
938 2263 1147 2314 Sychaeum

177 2320 326 2371 Incipit,
346 2325 384 2358 et
401 2320 487 2356 vivo
505 2323 628 2357 tentat
645 2323 881 2367 praevertere
899 2329 1024 2355 amore
1270 2319 1293 2361 7
1295 2321 1346 2359 25

174 2378 200 2416 J
203 2388 261 2413 am
279 2373 424 2424 pridem
441 2371 580 2411 resides
597 2372 750 2417 animos,
769 2371 994 2420 desuetaque
1010 2371 1140 2410 corda.

232 2428 436 2477 Postquam
452 2425 575 2477 prima
592 2425 696 2475 quies
714 2425 844 2476 epulis
860 2430 1294 2475 mensaequerem‘otaoe
