1475 2712
536 174 745 204 CARMINUM
762 174 821 201 111„

200 273 337 312 Medus
355 273 514 311 infestus
533 271 602 309 sibi
620 271 800 309 luctuosis

412 324 580 363 Dissidet
599 324 709 362 armis
725 337 734 361 ε

201 380 324 418 Servit
343 379 536 429 Hispanae
554 383 662 417 vetus
681 377 798 415 hostis
818 389 915 424 orae,

199 434 399 480 Cantaber,
421 445 502 470 sera
519 432 683 470 domitus
700 435 832 469 catena
848 444 857 469 :

194 487 220 524 J
223 500 282 524 am
302 487 464 538 Scythae
482 486 569 524 laxo
587 485 821 523 meditantur
840 497 928 523 areu

410 539 554 577 Cedere
573 539 726 588 campis.

196 594 414 643 Negligens‚
434 606 483 631 ne
501 605 575 642 qua
593 592 756 642 populus
774 592 933 638 laboret,

194 647 312 685 Parce
330 647 499 697 privatus
517 646 674 683 nimium
694 658 825 683 cavere
842 659 849 683 :

190 700 304 739 Dona
323 700 528 751 praesentis
543 711 634 749 cape
652 699 773 737 laetus
792 699 916 745 horae,
939 704 975 737 et

403 754 552 803 Linque
572 765 711 790 severa.

420 859 509 897 ODE
531 857 724 897 1X‚—Ad
738 859 917 910 Lydiam.

568 961 779 988 HORATIUS.

295 1018 438 1055 DONEC
458 1021 589 1067 gratus
609 1029 710 1054 eram
729 1017 809 1063 tibi,

187 1072 269 1111 Nec
289 1071 485 1120 quisquam
504 1071 626 1120 potior
645 1071 798 1108 brachia
816 1071 997 1109 candidae

298 1125 444 1162 Cervici
457 1124 608 1173 juvenis
628 1125 754 1170 dabat,

190 1180 388 1217 Persarum
408 1178 513 1227 vigui
532 1190 622 1227 rege
640 1178 797 1216 beatior.

605 1266 733 1294 LYDIA.

292 1324 430 1361 Donec
448 1335 526 1360 non
545 1322 617 1360 alia
635 1323 754 1372 magis

185 1377 335 1423 Arsisti‚
354 1389 476 1425 neque
495 1382 575 1414 erat
596 1376 720 1426 Lydia
738 1383 823 1426 post
845 1376 992 1414 Chloen
1012 1392 1021 1422 3

295 1431 411 1468 Multi
430 1430 554 1480 Lydia
572 1430 746 1476 nominis,

189 1485 363 1523 Romana
381 1484 486 1533 vigui
505 1483 636 1521 clarior
659 1483 740 1521 Ilia.

570 1572 781 1600 HORATlUS.

303 1629 368 1666 Me
381 1641 482 1665 nunc
503 1628 666 1666 Thressa
681 1628 800 1666 Chloe
818 1628 927 1677 regit,

194 1683 335 1722 Dulces
353 1682 466 1720 docta
483 1682 626 1728 modos,
647 1685 686 1720 et
700 1682 865 1720 citharae
884 1682 1003 1719 sciens
1020 1695 1029 1725 ;

302 1736 376 1773 Pro
396 1748 469 1785 qua
488 1747 566 1772 non
584 1740 749 1773 metuam
768 1735 874 1781 mori,

196 1790 237 1829 Si
254 1794 409 1840 parcent
428 1789 573 1826 animae
591 1789 668 1827 fata
688 1789 893 1838 superstiti,

612 1879 688 1906 LYD
692 1880 729 1906 IA
734 1895 744 1905 .

299 1933 366 1973 Me
384 1939 504 1974 torret
521 1934 602 1973 face
621 1939 754 1973 mutua

195 1989 356 2027 Thurini
376 1988 498 2026 Calais
516 1988 615 2025 filius
635 1987 775 2038 Ornyti
794 2002 803 2033 ;

298 2042 371 2080 Pro
389 2055 463 2092 quo
478 2041 535 2079 bis
554 2041 677 2091 patiar
695 2042 802 2088 mori,

194 2096 234 2135 Si
250 2100 404 2146 parcent
422 2108 538 2145 puero
556 2095 634 2133 fata
653 2096 857 2145 superstiti„

570 2185 766 2213 HORATIUS
771 2205 778 2213 .

304 2241 420 2287 Quid,
442 2241 473 2279 si
491 2240 613 2291 prisca
631 2242 732 2280 redit
752 2242 897 2289 Venus,

196 2296 458 2344 Diductosque
470 2294 567 2344 jugo
587 2295 688 2344 cogit
703 2298 819 2333 a'eneo
835 2308 844 2340 ;

304 2349 345 2387 ‚Si
363 2349 460 2386 flava
478 2348 669 2387 excutitur
690 2348 820 2394 Chloe,

194 2402 451 2454 Rejectaeque
468 2407 574 2454 patet
586 2401 705 2453 janua
724 2401 902 2454 Lydiae?

636 2467 721 2507 Ea

1224 162 1276 201 53

1219 591 1252 628 go

1250 590 1269 628 Ur

1240 1329 1262 1363 '57

1196 1683 1266 1733 210
