1475 2712
100 216 199 268 IV]
511 211 859 251 GEORGICON.
1237 213 1292 250 49

99 324 149 360 In
168 321 276 361 tenui
296 322 402 359 labor
422 336 432 365 3
461 326 499 358 at
518 320 645 357 tenuis
665 331 737 356 non
758 318 892 367 gloria,
915 318 945 354 si
966 331 1082 366 quem

100 376 274 414 Numina
295 376 392 412 laeva
412 375 554 418 sinunt,
576 373 758 420 auditque
778 377 938 409 vocatus
958 372 1116 420 Apollo.

155 429 354 477 Principio
374 428 481 464 sedes
501 427 637 475 apibus
657 426 847 472 statioque
866 426 1042 474 petenda,

102 481 189 528 Quo
207 494 332 530 neque
351 481 399 518 sit
420 481 545 517 ventis
565 481 835 517 aditus—nam
854 479 995 527 pabula
1016 478 1120 515 venti

101 536 220 573 Ferre
232 537 386 572 domum
400 534 785 582 prohibent—neque
797 544 888 568 oves
897 532 1073 579 haedique
1085 532 1229 581 petulci
1250 534 1297 570 10

100 589 280 626 Floribus
299 587 498 632 insultent,
518 592 585 623 aut
604 598 736 623 errans
757 585 898 622 bucula
914 598 1051 634 campo

99 642 284 681 Decutiat
302 653 439 684 rorem,
460 647 497 677 et
517 645 719 688 surgentes
740 639 890 676 adterat
909 640 1060 676 herbas.

99 695 244 732 Absint
264 701 302 731 et
318 694 410 742 picti
430 693 645 741 squalentia
664 698 774 740 terga
792 692 927 729 lacerti

99 748 317 796 Pinguibus
336 748 383 784 ab
404 746 575 790 stabulis,
591 758 841 794 meropesque
860 745 1021 793 aliaeque
1040 744 1227 791 volucres,

98 801 152 838 Et
172 802 348 838 manibus
369 800 519 837 Procne
538 806 672 848 pectus
692 799 841 847 signata
860 798 1046 835 cruentis.
1246 799 1291 835 15

99 854 242 892 Omnia
262 866 351 891 nam
370 853 446 890 late
465 858 630 897 vastant,
652 853 831 901 ipsasque
854 852 1028 889 volantes

99 907 179 945 Ore
199 907 330 945 ferunt
349 906 499 944 dulce-m
519 906 621 942 nidis
641 906 854 942 immitibus
874 917 1011 942 escam.

96 961 154 997 At
174 961 311 1008 liquidi
329 959 454 996 fontes
474 965 512 996 et
531 965 667 1007 stagna
685 959 852 996 virentia
871 971 1003 995 musco

97 1013 244 1050 Adsint
264 1019 302 1050 et
320 1013 449 1050 tenuis
468 1012 620 1061 fugiens
640 1025 708 1061 per
727 1012 902 1061 gramina
916 1012 1043 1054 rivus3

94 1066 305 1115 Palmaque
325 1066 559 1103 vestibulum
580 1072 645 1102 aut
665 1066 802 1114 ingens
821 1065 984 1102 oleaster
1002 1065 1213 1102 inumbret:
1242 1064 1294 1099 20

96 1120 165 1165 Ut,
187 1132 275 1157 cum
294 1119 419 1168 prima
434 1119 525 1155 novi
544 1119 685 1155 ducent
706 1119 885 1155 examina
900 1130 1011 1166 reges

94 1173 201 1210 Vere
220 1185 299 1217 suo,
321 1173 504 1219 ludetque
519 1171 619 1208 favis
639 1171 777 1208 emissa
790 1171 993 1219 juventus,

95 1226 238 1264 Vicina
253 1225 393 1262 invitet
413 1225 596 1262 decedere
615 1224 697 1272 ripa
717 1225 834 1261 calori

99 1278 303 1327 Obviaque
321 1278 499 1327 hospitiis
518 1283 648 1315 teneat
662 1277 930 1315 frondentibus
950 1278 1076 1314 arbos.

97 1332 146 1369 In
166 1333 346 1377 medium,
368 1344 433 1368 seu
454 1331 572 1368 stabit
590 1332 705 1376 iners,
727 1343 794 1368 seu
813 1331 980 1380 profluet
998 1331 1148 1376 humor,
1240 1331 1291 1367 25

99 1386 359 1423 Transversas
378 1385 512 1422 salices
531 1390 570 1422 et
589 1384 751 1433 grandia
770 1383 918 1432 conjice
937 1396 1042 1428 saxa,

97 1437 282 1476 Pontibus
303 1444 345 1476 ut
360 1439 506 1476 crebris
526 1438 674 1487 possint
693 1438 903 1475 consistere
922 1443 961 1474 et
980 1437 1059 1474 alas

93 1492 272 1529 Pandere
291 1492 339 1529 ad
358 1492 535 1528 aestivum
556 1491 687 1536 solem,
707 1491 740 1528 si
760 1490 859 1528 forte
882 1496 1076 1527 morantes

96 1544 299 1593 Sparserit,
320 1551 386 1582 aut
406 1557 574 1593 praeceps
594 1544 779 1592 Neptuno
799 1544 1032 1581 immerserit
1052 1544 1197 1581 Eurus.

94 1598 191 1636 Haec
210 1599 356 1636 circum
374 1598 485 1636 casiae
504 1598 649 1635 virides
668 1603 706 1634 et
725 1597 868 1634 olentia
887 1598 962 1634 late
1234 1599 1286 1635 30

94 1650 271 1701 Serpylla
291 1658 328 1688 et
347 1651 520 1700 graviter
539 1651 721 1699 spirant-is
740 1651 849 1699 copia
870 1651 1059 1699 thymbrae

92 1704 260 1749 Floreat,
282 1705 548 1753 irriguumque
567 1704 702 1741 bibant
720 1704 882 1740 violaria
900 1704 1057 1740 fontem.

91 1757 184 1806 Ipsa
198 1764 339 1802 autem,
353 1770 419 1794 seu
438 1757 645 1794 corticibus
664 1757 737 1793 tibi
757 1763 842 1793 suta
861 1757 1017 1802 cavatis,

95 1810 171 1848 Seu
191 1811 294 1848 lento
313 1810 457 1847 fuerint
477 1810 646 1847 alvearia
666 1810 809 1847 vimine
828 1815 947 1853 texta,

91 1864 293 1913 Angustos
312 1865 479 1901 habeant
497 1864 641 1907 aditus3
669 1876 759 1900 nam
773 1863 917 1911 frigore
937 1863 1050 1900 mella
1234 1865 1283 1901 35

89 1917 206 1966 Cogit
225 1918 358 1962 hiems,
379 1917 588 1965 eademque
607 1916 710 1953 calor
729 1916 934 1964 liquefacta
946 1916 1124 1953 remittit.

90 1971 268 2018 Utraque
288 1971 347 2008 vis
366 1971 502 2018 apibus
522 1971 665 2019 pariter
686 1970 901 2014 metuenda,
922 1982 1047 2018 neque
1066 1970 1141 2006 illae

91 2024 364 2072 Nequidquam
383 2024 424 2059 in
443 2024 556 2060 tectis
575 2024 752 2061 certatim
771 2023 901 2061 tenuia
920 2036 1008 2060 cera

94 2077 338 2126 spiramenta
355 2077 493 2121 linunt,
510 2077 674 2125 sucoque
693 2082 732 2114 et
750 2077 910 2113 fioribus
929 2088 1015 2113 oras

91 2130 277 2179 Explent,
296 2130 574 2178 collectumque
593 2131 673 2167 haec
691 2130 775 2179 ipsa
794 2130 841 2167 ad
861 2142 1021 2166 munera
1040 2130 1175 2178 gluten
1232 2133 1283 2169 40

90 2183 145 2220 Et
163 2183 269 2220 visco
287 2189 326 2220 et
345 2183 528 2232 Phrygiae
548 2188 704 2220 servant
722 2184 807 2231 pice
825 2183 968 2219 lentius
988 2182 1079 2220 Idae.

92 2234 200 2284 Saepe
220 2236 335 2273 etiam
355 2236 512 2281 effossis,
533 2237 564 2273 si
585 2248 676 2273 vera
695 2241 752 2273 est
776 2236 888 2280 fama,
910 2236 1067 2272 latebris

92 2288 172 2326 Sub
192 2296 295 2327 terra
315 2290 446 2326 fovere
466 2289 596 2334 larem,
618 2289 847 2338 penitusque
866 2295 1027 2337 repertae

90 2342 392 2392 Pumicibusque
411 2343 516 2380 cavis
536 2355 735 2391 exesaeque
755 2343 901 2379 arboris
923 2349 1043 2379 antro.

91 2396 156 2432 Tu
173 2402 302 2433 tamen
322 2402 360 2433 et
378 2396 455 2433 levi
474 2396 614 2433 rimosa
633 2395 775 2433 cubilia
792 2396 884 2432 limo
1229 2398 1278 2434 45

91 2448 237 2499 Ungue
256 2449 391 2487 fovens
407 2450 562 2495 circum,
584 2455 621 2487 et
641 2461 746 2486 raras
766 2447 998 2498 superinjice
1017 2448 1183 2487 frondes.

674 2514 700 2539 E
