1475 2712
98 199 178 252 n]
481 193 484 196 ·
512 198 859 238 GEORGICON.
1240 202 1291 238 23

99 309 166 344 An
187 320 301 352 mare,
323 307 422 355 quod
442 319 568 355 supra,
589 319 806 348 memorem,
829 306 1006 354 quodque
1023 307 1145 343 adluit
1159 306 1295 344 infra?

101 361 216 398 Anne
235 361 339 397 lacus
359 359 508 397 tantos?
528 367 578 405 te,
611 361 699 397 Lari
723 373 913 404 maxume,
934 367 1061 408 teque,

102 414 304 452 Fluctibus
325 420 362 450 et
381 413 537 450 fremitu
559 414 783 461 adsurgens,
804 411 967 452 Benace,
983 414 1131 450 marino
1152 413 1168 451 Ρ
1220 416 1297 451 160

103 469 168 504 An
190 479 394 504 memorem
415 473 549 514 portus
567 467 811 514 Lucrinoque
831 467 960 503 addita
981 468 1159 512 claustra,

102 523 234 568 Atque
253 521 496 568 indignatum
516 521 666 569 magnis
682 521 911 556 stridoribus
930 532 1072 568 (equor,

105 573 206 611 Julia
225 586 300 622 qua
321 579 436 621 ponto
458 574 569 622 longe
589 580 696 610 sonat
719 574 820 610 unda
840 573 983 618 refuso,

104 628 409 676 Tyrrhenusque
429 626 540 663 fretis
559 627 782 663 immittitur
802 634 917 663 aestus
939 626 1145 663 Avernis?

102 681 198 717 Haec
218 681 347 717 eadem
368 681 517 728 argenti
537 680 641 717 rivos
660 681 823 728 aerisquc
852 680 1005 717 metalla
1225 681 1297 716 165

106 733 287 771 Ostendit
308 734 428 778 venis,
450 740 563 780 atque
584 747 676 770 auro
697 733 862 781 plurima
882 733 1011 769 fluxit.

105 787 202 823 Haec
221 799 343 835 genus
364 799 450 823 acre
470 788 608 830 virum,
633 787 783 823 Marsos
804 788 1022 835 pubemque
1045 785 1249 830 Sabellam,

104 838 399 887 Adsuetumque
419 840 518 877 malo
537 840 721 886 Ligurem
745 840 984 889 Volscosque
1005 847 1161 876 verutos

105 893 260 929 Extulit
281 908 290 936 3
309 893 390 929 haec
413 893 562 939 Decios,
585 892 734 930 Marios
754 906 990 942 magnosque
1013 893 1208 937 Camillos,

109 947 306 994 Scipiadas
326 947 442 983 duros
463 947 575 992 bello,
595 953 632 983 et
652 954 701 991 te,
724 959 903 984 maxume
925 946 1068 990 Caesar,
1228 945 1302 985 170

109 998 186 1045 Qui
207 1012 310 1035 nunc
330 1001 514 1037 extremis
536 1001 640 1037 Asia}
655 1000 737 1048 jam
758 1001 883 1037 victor
903 1003 941 1036 in
963 1000 1041 1037 oris

106 1053 306 1089 Imbellem
328 1053 472 1089 avertis
494 1054 677 1090 Romanis
698 1055 850 1090 arcibus
878 1054 1031 1090 Indum.

110 1106 235 1150 Salve,
257 1119 396 1154 magna
415 1119 554 1154 parens
575 1107 741 1155 frugum,
768 1107 949 1143 Saturnia
968 1107 1094 1150 tellus,

106 1157 251 1208 Magna
272 1159 398 1196 virum
416 1172 425 1204 3
446 1160 517 1196 tibi
538 1173 599 1196 res
617 1161 785 1208 antiquae
807 1161 931 1197 laudis
951 1166 989 1196 et
1009 1161 1103 1197 artis

107 1213 325 1261 Ingredior,
345 1220 496 1249 sanctos
517 1226 631 1250 ausus
651 1214 848 1250 recludere
868 1213 1007 1258 fontes,
1229 1211 1302 1250 175

109 1266 388 1312 Ascraeumque
409 1279 503 1303 cano
524 1267 698 1303 Romana
716 1279 784 1315 per
803 1267 943 1315 oppida
963 1279 1130 1303 carmen.

161 1318 278 1356 Nunc
298 1319 402 1356 locus
422 1333 602 1356 arvorum
622 1321 789 1368 ingeniis
807 1335 816 1363 ;
836 1332 920 1368 quae
941 1321 1078 1356 robora
1098 1319 1249 1368 cuique,

112 1371 208 1417 Quis
228 1373 342 1417 color,
364 1379 402 1408 et
422 1385 505 1420 quae
527 1373 576 1410 sit
597 1374 711 1410 rebus
732 1380 870 1410 natura
890 1374 1070 1410 ferendis.

110 1425 297 1462 Difficiles
317 1426 482 1474 primum
503 1434 614 1462 terrae
636 1427 826 1475 collesque
846 1427 1019 1475 maligni,

111 1479 258 1515 Tenuis
279 1480 342 1515 ubi
363 1479 499 1528 argilla
520 1486 558 1516 ct
577 1480 746 1516 dumosis
768 1481 938 1517 calculus
959 1480 1074 1524 arvis,
1231 1480 1305 1514 180

110 1532 285 1568 Palladia
304 1533 470 1580 gaudent
490 1534 587 1570 silva
610 1533 757 1570 vivacis
777 1534 900 1570 olivae.

111 1585 261 1622 Indicio
281 1592 337 1622 est
359 1592 482 1623 tractu
504 1599 666 1634 surgens
686 1587 848 1623 oleaster
868 1587 999 1623 eodem

111 1639 319 1683 Plurimus,
343 1646 380 1675 ct
400 1641 508 1675 strati
531 1641 656 1676 baccis
677 1641 920 1677 silvestribus
940 1641 1037 1689 agri.

113 1693 170 1728 At
190 1703 274 1739 qum
296 1693 450 1741 pinguis
470 1694 609 1729 humus
629 1694 808 1742 dulcique
830 1694 976 1741 uligine
994 1694 1090 1734 laeta‚

116 1744 269 1793 Quique
289 1745 470 1794 frequens
490 1747 619 1783 herbis
640 1755 676 1783 et
699 1747 838 1783 fertilis
860 1749 976 1783 ubere
996 1759 1154 1795 campus
1176 1761 1186 1789 ;
1235 1746 1307 1782 185

117 1798 276 1843 Qualem
298 1810 398 1848 saepe
418 1812 511 1836 cava
533 1801 672 1836 montis
692 1801 866 1836 convalle
885 1801 1050 1837 solemus

115 1852 324 1899 Despicere
343 1867 352 1895 3
373 1853 447 1889 huc
471 1854 629 1889 summis
649 1853 851 1900 liquuntur
871 1854 1032 1902 rupibus
1053 1865 1194 1894 amnes,

113 1905 361 1953 Felicemque
382 1907 540 1942 trahunt
564 1907 698 1943 limum
718 1927 781 1951 --,
803 1907 947 1954 quique
967 1907 1093 1943 editus
1115 1907 1275 1950 Austro,

116 1958 168 1994 Et
188 1959 327 1994 filicem
349 1960 478 1996 curvis
497 1961 663 1996 inrisam
685 1961 805 2008 pascit
827 1961 964 1996 aratris
988 1975 997 2003 ;

120 2010 194 2048 Hic
215 2012 285 2047 tibi
305 2013 532 2060 praevalidas
552 2014 643 2050 olim
663 2014 860 2062 multoque
880 2014 1044 2050 fluentes
1239 2014 1312 2050 190

121 2064 294 2101 Sufficiet
316 2065 468 2102 Baccho
489 2067 587 2103 vites
608 2081 615 2102 ε
637 2067 700 2104 hic
719 2067 859 2103 fertilis
880 2079 978 2111 uvae,

120 2118 198 2154 Hic
217 2118 354 2162 laticis,
375 2120 524 2166 qualem
547 2120 690 2168 pateris
710 2121 875 2157 libamus
895 2127 932 2157 et
952 2133 1061 2163 auro,

120 2171 280 2207 Inflavit
300 2184 417 2220 quum
439 2173 593 2221 pinguis
612 2175 707 2209 ebur
729 2174 957 2223 Tyrrhenus
977 2174 1024 2209 ad
1054 2185 1150 2217 aras,

122 2222 313 2261 Lancibus
334 2232 370 2261 et
392 2227 526 2274 pandis
547 2226 736 2263 fumantia
755 2227 951 2263 reddimus
971 2233 1073 2263 exta.

125 2276 191 2312 Sin
212 2285 385 2314 armenta
404 2280 526 2327 magis
547 2280 715 2316 studium
738 2280 956 2327 vitulosque
976 2281 1088 2324 tueri,
1241 2281 1312 2316 195

125 2331 208 2366 Aut
227 2330 328 2367 fetus
349 2332 490 2377 ovium,
512 2340 578 2370 aut
600 2340 754 2370 urentes
775 2333 877 2369 culta
898 2334 1063 2381 capellas
1083 2348 1091 2376 ;

127 2383 256 2420 Saltus
277 2390 314 2420 et
334 2386 454 2421 saturi
476 2387 594 2434 petito
614 2386 825 2434 longinqua
846 2387 1018 2430 Tarenti,

125 2436 172 2472 Et
196 2438 345 2485 qualem
368 2438 502 2475 infelix
525 2440 650 2476 amisit
673 2438 835 2477 Mantua
857 2454 1045 2489 campum,
