1475 2712
117 227 215 279 1v.]
528 223 875 264 GEORGICON.
1252 229 1302 264 53

118 333 178 371 Ac
198 333 319 372 veluti
338 333 451 371 lentis
473 331 660 381 Cyclopes
681 331 843 369 fulmina
861 331 994 369 massis
1228 332 1303 372 170

119 387 218 425 Cum
237 393 454 436 properant,
477 386 542 422 alii
561 386 727 422 taurinis
747 386 903 422 follibus
923 398 1035 422 auras

116 439 329 490 Accipiunt
347 440 600 487 redduntque,
621 439 687 475 alii
707 439 909 476 stridentia
929 440 1113 487 tinguunt

116 493 218 530 AEra
245 494 347 537 lacu3
374 493 494 542 gemit
514 492 703 540 impositis
722 493 929 529 incudibus
948 492 1089 536 AEtna3

116 546 182 583 Illi
201 547 302 584 inter
322 558 402 583 sese
421 558 560 594 magna
581 545 619 581 vi
639 545 796 582 brachia
815 545 955 582 tollunt

115 599 164 636 In
184 612 397 644 numerum,
416 605 648 647 versantque
668 599 793 635 tenaci
813 598 958 647 forcipe
978 599 1142 642 ferrum3
1229 596 1301 635 175

117 653 208 690 Non
228 654 349 697 aliter,
371 653 403 690 si
423 665 543 701 parva
561 653 650 689 licet
670 664 896 700 componere
915 652 1077 700 magnis,

117 705 323 755 Cecropias
342 706 497 743 innatus
517 718 606 754 apes
626 717 732 742 amor
750 711 890 752 urguet
909 705 1088 750 habendi,

118 759 283 797 Munere
302 771 492 808 quamque
513 772 595 796 suo.
652 756 886 795 Grandaevis
905 759 1045 807 oppida
1063 770 1178 804 curae,

115 812 168 849 Et
187 811 339 849 munire
357 812 476 857 favos,
498 819 536 849 et
555 811 700 849 daedala
718 812 864 860 fingere
882 817 1001 855 tecta3

117 864 174 902 At
193 865 302 903 fessae
322 866 443 903 multa
462 865 635 903 referunt
654 877 694 902 se
710 871 820 902 nocte
839 865 1017 910 minores,
1230 865 1305 901 180

117 918 242 956 Crura
261 920 394 968 thymo
416 919 555 968 plenae;
584 924 794 967 pascuntur
812 924 850 955 et
870 919 1007 955 arbuta
1026 917 1169 966 passim

116 972 170 1009 Et
188 973 344 1021 glaucas
364 973 498 1009 salices
517 972 735 1020 casiamque
754 984 985 1020 crocumque
1003 972 1206 1008 rubentem

115 1025 169 1062 Et
187 1026 371 1074 pinguem
391 1026 513 1063 tiliam
532 1031 570 1062 et
588 1025 829 1072 ferrugineos
848 1025 1089 1074 hyacinthos.

117 1077 308 1116 Omnibus
328 1091 404 1115 una
424 1080 531 1127 quies
551 1091 720 1127 operum,
741 1078 849 1115 labor
868 1078 1045 1115 omnibus
1065 1089 1179 1114 unus.

116 1132 236 1169 Mane
250 1137 370 1168 ruunt
384 1133 505 1180 portis
512 1147 522 1175 ;
568 1142 757 1178 nusquam
769 1144 876 1168 mora
883 1146 892 1175 3
911 1143 1045 1168 rursus
1058 1131 1210 1168 easdem
1230 1131 1302 1167 185

116 1185 268 1234 Vesper
289 1185 354 1222 ubi
373 1197 393 1222 e
413 1191 526 1234 pastu
546 1185 702 1222 tandem
721 1184 905 1222 decedere
926 1184 1072 1232 campis

116 1238 346 1283 Admonuit,
366 1244 449 1275 tum
467 1243 569 1276 tecta
588 1243 736 1287 petunt,
757 1243 841 1274 tum
861 1250 1022 1286 corpora
1041 1241 1197 1281 curant3

116 1291 183 1329 Fit
202 1291 361 1336 sonitus,
383 1297 633 1340 mussantque
652 1303 738 1328 oras
757 1296 797 1328 et
815 1291 949 1328 limina
968 1291 1125 1328 circum.

115 1345 225 1391 Post,
245 1344 311 1382 ubi
325 1343 408 1392 jam
427 1345 606 1382 thalamis
624 1357 664 1382 se
684 1357 942 1393 composuere,
964 1344 1101 1381 siletur

117 1398 166 1436 In
185 1404 347 1443 noctem,
368 1398 564 1446 fessosque
584 1410 696 1446 sopor
716 1410 807 1434 suus
825 1403 988 1446 occupat
1006 1403 1123 1434 artus.
1229 1397 1306 1434 190

116 1451 202 1489 Nec
221 1463 314 1488 vero
334 1464 356 1488 a
375 1452 546 1496 stabulis,
568 1451 701 1500 pluvia
720 1451 978 1499 impendente,
999 1450 1186 1488 recedunt

115 1505 303 1553 Longius,
323 1510 389 1541 aut
409 1505 570 1542 credunt
589 1504 695 1549 coelo,
718 1504 1016 1541 adventantibus
1035 1503 1171 1548 Euris;

120 1556 195 1595 Sed
214 1558 359 1595 circum
377 1563 470 1595 tutae
490 1559 561 1595 sub
580 1558 769 1595 moenibus
789 1558 897 1595 urbis
916 1562 1118 1607 aquantur,

117 1611 396 1660 Excursusque
414 1612 552 1648 breves
572 1616 734 1656 tentant,
757 1617 795 1649 et
815 1623 914 1659 saepe
933 1610 1098 1659 lapillos,

118 1664 178 1703 Ut
197 1666 343 1714 cymbae
362 1665 560 1702 instabiles
579 1664 700 1701 fluctu
713 1664 887 1712 jactante
907 1665 1117 1709 saburram,
1232 1664 1304 1701 195

119 1718 297 1761 Tollunt3
325 1717 386 1754 his
401 1730 482 1755 sese
501 1731 570 1766 per
588 1718 719 1754 inania
738 1718 871 1754 nubila
890 1717 1044 1754 librant.

117 1771 237 1808 Illum
256 1772 350 1808 adeo
369 1771 559 1820 placuisse
578 1771 714 1819 apibus
733 1771 924 1808 mirabere
942 1782 1099 1815 morem,

120 1823 234 1870 Quod
253 1837 377 1873 neque
397 1824 603 1861 concubitu
622 1824 836 1872 indulgent,
857 1836 928 1860 nec
947 1835 1107 1872 corpora
1127 1834 1262 1872 segnes

118 1878 167 1915 In
186 1877 381 1915 Venerem
399 1878 567 1922 solvunt,
587 1883 654 1914 aut
672 1876 774 1914 fetus
793 1877 952 1914 nixibus
971 1877 1089 1914 edunt
1096 1890 1107 1920 ;

119 1930 270 1968 Verum
288 1931 380 1980 ipsae
401 1943 420 1968 e
440 1930 543 1967 foliis
562 1937 672 1968 natos
692 1935 731 1967 et
750 1930 934 1967 suavibus
953 1929 1084 1967 herbis
1227 1929 1307 1966 200

122 1984 200 2022 Ore
219 1984 365 2033 legunt,
385 1984 478 2032 ipsae
498 1996 629 2032 regem
647 1995 864 2032 parvosque
886 1983 1058 2029 Quirites

124 2037 340 2083 Sufficiunt,
362 2038 543 2086 aulasque
562 2042 600 2074 et
619 2049 728 2074 cerea
746 2049 866 2086 regna
884 2037 1092 2085 refingunt.

125 2090 235 2139 Saepe
255 2090 370 2127 etiam
390 2091 497 2136 duris
517 2091 680 2127 errando
699 2090 740 2126 in
760 2090 909 2127 cotibus
928 2090 1007 2127 alas

121 2143 344 2188 Adtrivere,
365 2143 543 2191 ultroque
562 2144 729 2181 animam
749 2144 820 2180 sub
838 2142 941 2180 fasce
960 2142 1115 2179 dedere:

122 2196 274 2233 Tantus
294 2209 399 2233 amor
413 2196 551 2233 florum
571 2202 609 2233 et
627 2196 838 2245 generandi
856 2196 979 2245 gloria
997 2195 1132 2232 mellis.
1228 2194 1308 2231 205

120 2249 227 2299 Ergo
245 2250 348 2298 ipsas
367 2250 542 2297 quamvis
562 2250 716 2298 angusti
735 2249 924 2286 terminus
943 2248 1017 2285 aevi

123 2302 486 2351 Excipiat—neque
506 2303 608 2340 enim
627 2303 713 2351 plus
733 2303 896 2351 septima
916 2302 1071 2339 ducitur
1090 2306 1256 2338 aestas—

123 2354 179 2392 At
198 2368 322 2405 genus
342 2356 556 2393 immortale
574 2362 713 2400 manet,
734 2356 950 2404 multosque
969 2367 1038 2404 per
1056 2367 1176 2392 annos

126 2408 211 2446 Stat
231 2408 385 2447 fortuna
404 2410 548 2454 domus,
566 2416 604 2446 et
624 2410 686 2446 avi
706 2415 958 2446 numerantur
977 2420 1148 2445 avorum.

123 2460 312 2500 Praeterea
331 2474 461 2512 regem
482 2475 557 2500 non
578 2463 632 2501 sic
654 2462 851 2512 AEgyptus
871 2467 909 2499 et
928 2461 1066 2511 ingens
1232 2460 1311 2496 210
