1475 2712
82 192 162 246 ιιι]
631 181 757 224 PASTIJ
1203 179 1253 219 65

130 299 157 337 J
159 310 226 336 ure
244 296 428 347 repertori
445 293 603 333 candida
621 292 731 330 mella
748 291 890 328 damus.

83 352 250 390 Foemina
268 363 334 389 cur
352 354 516 400 praestet,
536 360 613 384 non
633 352 688 384 est
707 345 862 382 rationis
881 347 1038 393 opertae.

78 433 82 435 Δ
137 405 342 442 Foemineos
362 404 490 452 thyrso
509 401 672 439 concitat
690 399 752 436 ille
771 398 915 435 choros.

82 460 163 496 Cur
179 471 271 495 anus
290 458 361 494 hoc
375 457 494 499 faciat,
516 454 671 503 quaeris;
693 452 854 489 vinosior
873 456 961 488 aetas
1172 446 1249 487 765

135 512 230 548 Haec
249 515 316 557 est,
335 515 373 548 et
391 509 554 559 gravidae
574 519 727 544 munera
745 506 829 542 vitis
847 516 985 541 amans.

84 566 161 603 Cur
180 565 317 601 hedera
335 565 456 601 cincta
474 561 566 599 est?
592 560 729 597 hedera
747 564 804 596 est
822 557 1024 605 gratissima
1044 554 1204 594 Baccho.

137 618 222 655 Hoc
241 630 388 667 quoque
407 629 472 653 cur
489 617 542 653 ita
561 614 619 657 sit,
641 614 765 650 dicere
782 612 885 648 nulla
903 624 1006 648 mora
1025 615 1092 657 est,

87 673 124 709 N
124 672 272 722 yslades
291 670 488 720 Nymphae,
510 680 665 717 puerum
686 670 877 715 quaerente
895 677 1065 709 noverca,

138 725 249 763 Hanc
263 724 433 768 frondem
452 722 557 759 cunis
577 732 783 770 opposuere
801 718 918 755 novis.
1175 714 1250 755 770

86 779 232 824 Restat,
253 783 295 816 ut
313 778 378 814 inv
379 777 511 822 eniam,
531 787 645 824 quale
663 779 752 822 toga
767 773 884 809 libera
901 772 1011 809 detur

139 832 310 870 Lucifero
330 830 464 880 pueris,
487 828 644 866 candide
664 827 820 871 Bacche,
843 831 922 863 tuo.

86 886 173 924 Sive
192 885 321 934 quod
311 897 390 934 1pse
409 896 500 933 puer
521 894 675 931 semper,
691 880 915 929 juvenisque
935 878 1094 916 videris·
1088 907 1096 922 ‚

140 939 190 977 Et
209 938 330 976 media
349 942 404 975 est
423 942 512 974 aetas
530 937 628 973 inter
646 940 846 983 utrumque
864 933 957 971 tibi·
948 959 958 980 ,

88 992 162 1030 Seu
181 993 267 1041 quia
286 997 328 1029 tu
347 996 454 1040 pater
469 1003 517 1035 οε,
539 994 673 1038 patres,
696 1001 760 1024 sua
779 987 948 1036 pignora,
965 991 1074 1024 natos
1179 983 1254 1023 775

142 1045 415 1083 Commendant
436 1056 532 1081 cuiae
564 1042 851 1089 numinibusque
870 1040 955 1078 tuis.

88 1099 187 1144 Sive,
208 1099 307 1148 quod
326 1111 364 1135 es
383 1098 508 1142 Liber,
527 1096 638 1133 vestis
657 1107 803 1144 quoque
822 1094 938 1131 libera
954 1106 1020 1143 per
1037 1097 1075 1130 te

143 1152 320 1197 Sumitur,
335 1156 372 1188 et
391 1152 476 1188 vitae
496 1149 681 1187 liberioris
700 1149 781 1186 iter.

88 1206 153 1243 An
171 1206 267 1254 quia,
289 1218 372 1241 cum
391 1204 502 1253 prisci
522 1204 687 1240 colerent
706 1201 906 1239 studiosius
925 1213 1045 1251 agros,

146 1259 198 1297 Et
211 1259 331 1308 patrio
349 1258 486 1295 faceret
505 1270 591 1294 rure
610 1261 759 1293 senator
778 1268 870 1304 opus
886 1268 894 1298 3
1180 1252 1255 1292 780

91 1313 143 1350 Et
161 1317 309 1362 caperet
327 1312 442 1349 fasces
461 1323 483 1347 a
501 1322 615 1347 curvo
635 1309 766 1347 consul
784 1314 919 1354 aratro,

143 1366 225 1403 Nec
245 1366 383 1403 crimen
402 1365 514 1401 duras
528 1364 665 1400 habere
683 1375 814 1399 manus
831 1375 838 1399 :

91 1420 271 1458 Rusticus
290 1418 338 1455 ad
355 1418 464 1455 ludos
482 1417 640 1466 populus
658 1416 831 1453 veniebat
848 1416 888 1452 in
909 1414 1049 1452 Urbem
1068 1414 1088 1451 ⁴?

145 1473 218 1511 Sed
232 1473 298 1518 dis,
322 1485 399 1509 non
417 1471 549 1509 studiis
562 1471 625 1507 ille
642 1471 801 1507 dabatur
819 1470 950 1506 honos⁴

93 1527 196 1565 Luce
215 1539 281 1564 sua
295 1526 402 1563 ludos
421 1537 503 1561 uvae
523 1529 752 1561 commentor
770 1523 931 1560 habebat
951 1536 958 1557 :
1187 1519 1262 1559 785

147 1580 253 1626 Quos
272 1593 355 1617 cum
373 1578 539 1617 taedifera
556 1590 657 1614 nunc
676 1577 789 1614 habet
807 1577 885 1626 ipse
904 1577 987 1613 dea-

96 1634 211 1682 Ergo,
231 1638 274 1671 ut
292 1633 452 1671 tironem
471 1632 656 1669 celebrare
674 1631 884 1680 frequentia
901 1634 1037 1680 posset,

146 1687 237 1724 Visa
256 1687 334 1724 dies
352 1685 484 1723 dandae
504 1698 581 1722 non
600 1685 718 1721 aliena
736 1690 846 1733 togae.

95 1741 200 1786 Mite,
215 1745 332 1790 pater,
347 1743 459 1788 caput
477 1740 550 1776 huc
569 1739 785 1788 placataque
805 1749 943 1775 cornua
961 1741 1094 1782 vertas,

149 1794 201 1832 Et
219 1794 284 1831 des
303 1793 453 1842 ingenio
472 1793 554 1830 vela
573 1792 736 1830 secunda
754 1804 850 1828 meo.
1192 1789 1270 1829 790

99 1848 180 1886 {tur
199 1847 246 1884 ad
265 1847 411 1895 Argeos
433 1844 512 1896 (qui
530 1847 616 1891 sint,
638 1859 703 1882 sua
720 1846 858 1894 pagina
873 1843 986 1895 dicet)

152 1900 249 1945 Hac,
268 1901 298 1938 si
318 1900 562 1944 commemini,
582 1900 846 1948 praeteritaque
868 1899 943 1935 die.

98 1954 217 1993 Stella
236 1954 468 2004 Lycaoniam
486 1953 608 2002 vergit
627 1953 801 2001 proclivis
821 1952 869 1989 ad
888 1952 1034 1990 Arcton

152 2007 305 2045 Miluus.
360 2007 454 2044 Haec
472 2007 535 2044 illa
554 2012 665 2044 nocte
683 2006 844 2043 videnda
863 2006 977 2043 venit.
995 2049 1002 2055 .

99 2061 206 2107 Quid
225 2061 372 2098 dederit
391 2061 543 2105 volucri,
565 2061 596 2097 si
615 2061 669 2097 vis
689 2072 924 2108 cognoscere,
946 2058 1077 2096 coelum
1101 2073 1110 2105 3
1195 2059 1244 2100 79

155 2115 340 2152 Saturnus
359 2114 484 2162 regnis
504 2114 550 2150 ab
568 2113 664 2150 Jove
682 2114 810 2162 pulsus
828 2118 921 2151 erat.

102 2168 279 2206 Concitat
297 2168 416 2204 iratus
435 2167 577 2204 validos
598 2167 751 2204 Titanas
770 2167 810 2203 in
829 2179 941 2210 arma,

156 2221 327 2269 Quaeque
345 2220 417 2258 fuit
434 2221 522 2258 fatis
541 2221 678 2265 debita,
699 2221 820 2269 poscit
839 2232 958 2269 opem.

101 2275 226 2313 Matre
244 2280 344 2312 satus
366 2273 494 2320 Terra,
513 2279 719 2312 monstrum
740 2274 918 2319 mirabile,
940 2278 1070 2312 taurus

159 2327 272 2366 Parte
291 2328 347 2365 sui
365 2340 515 2377 serpens
530 2327 734 2376 posteriore
746 2327 832 2365 fuit.
1198 2327 1277 2368 800

104 2381 223 2421 Hunc
241 2381 378 2430 triplici
397 2394 505 2418 muro
523 2381 616 2418 lucis
634 2381 836 2418 incluserat
853 2381 943 2419 atris

158 2435 361 2474 Parcarum
380 2435 526 2474 monitu
544 2434 643 2485 Styx
660 2434 826 2474 violenta
844 2434 971 2473 trium.

650 2487 725 2526 122

1249 2057 1271 2096 <a
