1414 2666
99 210 151 246 60
395 208 441 245 P.
472 207 720 247 VIRGILII
750 208 1014 248 MARONIS
1185 209 1298 262 [Lm.

102 314 286 359 Suscitat,
307 320 345 351 et
364 321 475 363 rapta
496 316 668 364 graviter
687 329 757 366 pro
777 314 941 365 conjuge
963 316 1089 353 saevit.
1219 318 1299 355 456

99 368 174 405 Illa
193 369 360 416 quidem,
382 369 473 405 dum
494 378 531 406 te
552 369 703 418 fugeret
724 383 792 418 per
810 371 971 407 flumina
990 381 1172 418 praeceps,

98 421 314 458 Immanem
335 429 424 458 ante
445 422 561 470 pedes
588 423 755 472 hydrum
777 424 964 460 moritura
982 423 1111 472 puella

103 474 333 512 Servantem
352 475 456 524 ripas
476 476 553 512 alta
573 489 650 512 non
671 477 772 513 vidit
793 477 833 512 in
853 477 983 514 herba.

98 529 157 564 At
176 529 315 565 chorus
336 528 495 577 aequalis
516 529 717 578 Dryadum
738 530 903 567 clamore
923 541 1123 578 supremos
1217 530 1298 567 460

98 581 319 629 Implerunt
339 588 488 619 montes
496 597 506 626 ;
525 582 668 619 flerunt
687 583 924 632 Rhodopei'ae
944 595 1062 628 arceS‚

97 635 270 683 Altaque
290 635 471 684 Pangaea‚
495 642 533 672 et
555 636 677 673 Rhesi
698 637 896 674 Mavortia
915 637 1040 681 tellus,

97 688 232 737 Atque
255 687 380 734 Getae,
401 695 517 738 atque
538 689 709 734 Hebrus,
730 697 769 727 et
789 691 928 727 Actias
949 689 1143 739 Orithyia.

97 741 201 790 Ipse,
223 754 318 779 cava
337 743 465 779 solans
485 754 632 791 aegrum
652 744 849 780 testudine
869 755 1050 788 amorem,

99 795 168 839 Te,
190 796 312 832 dulcis
331 796 486 843 conqu,
506 802 545 832 te
566 796 646 832 solo
664 797 706 831 in
725 796 839 833 litore
859 808 1003 841 secum,
1101 823 1107 829 -
1219 797 1297 834 465

98 848 158 885 Te
177 849 359 886 veniente
379 849 452 893 die,
474 856 512 886 te
533 849 740 886 decedente
761 850 935 886 canebat.

99 901 300 938 Taenarias
321 902 437 938 etiam
458 901 601 947 fauces,
621 902 698 938 alta
717 903 814 939 ostia
834 902 950 947 Ditis,

96 954 150 991 Et
171 955 402 1003 caligantem
422 955 534 1003 nigra
554 956 761 993 formidine
780 956 910 993 lucum

96 1008 315 1057 Ingressus,
337 1008 552 1057 Manesque
572 1009 668 1046 adiit
687 1021 896 1058 regemque
914 1009 1169 1054 tremendum,

97 1061 318 1111 Nesciaque
339 1062 516 1099 humanis
537 1063 715 1110 precibus
736 1075 1003 1100 mansuescere
1023 1063 1150 1100 corda.
1217 1062 1300 1102 470

97 1115 156 1152 At
175 1123 289 1152 cantu
310 1122 507 1152 commotae
528 1116 647 1153 Erebi
668 1117 715 1153 de
731 1117 886 1153 sedibus
905 1117 993 1154 imis

96 1167 257 1206 Umbrae
276 1169 385 1205 ibant
403 1175 539 1206 tenues
559 1170 838 1217 simulacraque
858 1170 942 1207 luce
962 1176 1177 1207 carentum:

100 1220 226 1267 Quam
246 1222 368 1259 multa
387 1223 427 1258 in
451 1222 554 1259 foliis
574 1224 703 1259 avium
725 1235 765 1259 se
785 1223 906 1259 millia
925 1224 1110 1268 condunt,

96 1274 250 1324 Vesper
271 1276 338 1312 ubi
358 1282 425 1312 aut
444 1276 630 1312 hibernus
650 1276 731 1324 agit
751 1276 797 1313 de
817 1277 1013 1313 montibus
1032 1277 1172 1314 imber:

98 1327 258 1372 Matres,
280 1336 396 1377 atque
416 1330 503 1373 viri,
525 1329 783 1378 defunctaque
803 1343 964 1379 corpora
983 1331 1066 1367 vita
1218 1329 1296 1370 475

96 1380 395 1431 Magnanimum
415 1383 587 1424 heroum,
610 1384 731 1430 pueri,
751 1383 1001 1432 innuptaeque
1021 1384 1172 1432 puellae,

96 1435 355 1484 Impositique
374 1436 478 1484 rogis
495 1435 660 1483 juvenes
680 1442 768 1472 ante
788 1449 855 1473 ora
874 1443 1097 1485 parentum3

99 1487 208 1534 Quos
227 1489 374 1526 circum
392 1489 507 1526 limus
531 1489 642 1537 niger
662 1496 700 1526 et
719 1489 902 1525 deformis
922 1490 1070 1527 arundo

98 1541 249 1591 Cocyti,
271 1542 457 1590 tardaque
477 1543 586 1591 palus
606 1543 825 1580 inamabilis
846 1543 950 1581 unda

96 1595 260 1644 Alligat,
282 1602 320 1633 et
340 1596 474 1633 novies
499 1596 600 1643 Styx
619 1596 809 1633 interfusa
828 1603 992 1634 coercet.
1216 1599 1296 1635 480

99 1647 206 1695 Quin
226 1649 321 1697 ipsae
341 1655 524 1696 stupuere
544 1649 678 1686 domus
700 1655 816 1698 atque
834 1650 972 1687 intima
990 1650 1080 1688 Leti

98 1702 275 1746 Tartara,
299 1701 571 1750 Caeruleosque
590 1703 769 1751 implexae
789 1704 962 1741 crinibus
981 1715 1126 1753 angues

95 1755 343 1800 Eumenides,
365 1756 567 1804 tenuitque
586 1756 740 1793 inhians
759 1757 835 1793 tria
857 1756 1050 1794 Cerberus
1069 1770 1146 1803 ora,

96 1809 233 1857 Atque
257 1809 405 1846 Ixionii
426 1817 541 1846 vento
561 1814 646 1846 rota
665 1810 839 1846 constitit
859 1810 974 1847 orbis.

96 1862 264 1909 Jamque
289 1863 424 1910 pedem
445 1862 617 1899 referens
637 1875 747 1899 casus
767 1870 942 1900 evaserat
961 1875 1106 1908 omnes,
1216 1865 1296 1901 485

97 1915 340 1964 Redditaque
360 1915 558 1964 Eurydice
577 1928 734 1963 superas
754 1916 935 1953 veniebat
956 1917 1004 1953 ad
1024 1928 1148 1962 auraS,

96 1968 204 2005 Pone
215 1981 279 2017 seq
286 1981 598 2017 uens—namque
609 1969 705 2006 hanc
716 1969 873 2006 dederat
881 1969 1299 2020 Proserpinalegem—

99 2021 200 2060 Cum
219 2023 347 2058 subita
366 2022 566 2058 incautum
586 2022 778 2059 dementia
797 2024 900 2071 cepit
921 2030 1125 2069 amantem,

96 2075 339 2124 Ignoscenda
358 2075 528 2123 quidem,
549 2075 691 2112 scirent
710 2076 742 2112 si
762 2076 962 2124 ignoscere
982 2077 1136 2114 Manes:

95 2129 272 2173 Restitit,
294 2129 596 2178 Eurydicenque
616 2141 723 2166 suam
747 2128 830 2176 jam
850 2130 936 2167 luce
955 2131 1026 2167 sub
1044 2130 1142 2179 ipsa,
1215 2131 1297 2167 490

96 2182 308 2218 Immemor
327 2182 401 2219 heu
420 2181 428 2219 1
450 2182 653 2230 victusque
674 2182 804 2228 animi,
826 2183 1014 2233 respexit.
1070 2183 1134 2221 Ibi
1153 2184 1278 2221 omnis

96 2234 256 2272 Effusus
279 2235 397 2281 labor,
419 2242 535 2284 atque
554 2235 716 2272 immitis
735 2243 851 2284 rupta
870 2237 1028 2286 tyranni

97 2288 274 2333 Foedera,
294 2295 434 2337 terque
450 2288 583 2337 fragor
601 2289 752 2338 stagnis
773 2290 929 2327 auditus
949 2289 1133 2327 Avernis.

96 2341 181 2386 Illa,
202 2340 298 2387 Quis
313 2348 351 2378 et
364 2354 436 2387 me,
453 2342 594 2390 inquit,
609 2343 788 2380 miseram
803 2350 842 2380 et
854 2351 892 2380 te
911 2343 1093 2392 perdidit,
1111 2342 1295 2392 Orpheu?

99 2393 197 2440 Quis
216 2400 348 2431 tantus
366 2394 498 2432 furor?
555 2396 617 2432 En
637 2396 779 2433 iterum
799 2396 969 2434 crudelia
988 2402 1092 2433 retro
1212 2398 1290 2435 495

97 2447 195 2486 Fata
216 2454 366 2494 vocant,
389 2449 595 2498 conditque
616 2450 787 2487 natantia
807 2449 954 2488 lumina
973 2461 1139 2488 somnus.
