1414 2666
520 468 716 526 LIBER
755 466 1050 526 TERTIUS.

199 713 383 761 namen,
401 716 578 765 depositis
596 719 727 768 clypeo
745 718 929 768 paulisper
948 720 986 752 et
1003 713 1121 755 hasta,

252 769 365 814 Mars,
386 771 484 816 ades,
506 778 544 809 et
562 773 700 810 nitidas
719 772 861 810 casside
880 770 981 808 solve
999 777 1134 805 comas.

202 822 371 860 Forsitan
390 824 468 873 ipse
487 838 606 874 roges,
623 826 714 875 quid
733 826 781 863 sit
799 838 884 862 cum
904 823 1027 860 Marte
1045 824 1177 869 poetae·

251 877 287 912 A
307 884 355 920 te,
377 879 440 927 qui
459 879 617 925 canitur,
637 879 788 916 nomina
806 878 942 915 mensis
960 875 1084 912 habet.
1346 923 1362 931 ν

199 928 281 977 Ipse
301 931 402 968 xides
422 933 591 970 manibus
611 934 738 983 peragi
755 933 833 969 fera
851 931 949 969 bella
971 929 1166 966 Minervae·
1340 933 1363 960 0

250 983 350 1021 Num
370 985 491 1023 minus
505 987 678 1036 ingenuis
698 987 838 1024 artibus
855 986 919 1022 illa
933 991 1038 1021 vacat
1056 981 1075 1018 ζ)

198 1036 359 1075 Palladis
378 1041 546 1089 exemplo
565 1041 746 1090 ponendae
766 1047 935 1089 tempora
949 1050 1052 1075 sume

248 1090 432 1141 Cuspidis.
490 1094 661 1132 Invenies
680 1101 718 1132 et
737 1094 837 1144 quod
856 1092 1007 1130 inermis
1026 1102 1126 1139 agas.

199 1143 295 1181 Tum
314 1159 462 1196 quoque
479 1148 630 1185 inermis
650 1157 741 1193 eras,
763 1161 847 1185 cum
866 1152 904 1186 te
924 1146 1096 1183 Romana
1115 1140 1286 1178 sacerdos

250 1198 369 1248 Cepit,
387 1209 429 1239 ut
444 1201 529 1239 huic
551 1202 645 1239 Urbi
665 1202 805 1240 semina
823 1201 939 1250 digna
957 1200 1076 1236 dares.
1317 1193 1365 1230 10

196 1251 264 1289 Ilia
285 1253 446 1292 Vestalis
468 1254 575 1305 (quid
591 1257 689 1293 enim
703 1260 805 1293 vetat
825 1255 913 1291 inde
931 1253 1070 1290 moveri
1089 1252 1123 1302 P)

248 1307 360 1345 Sacra
378 1308 564 1346 lavaturas
583 1323 691 1346 mane
710 1310 861 1359 petebat
879 1320 1006 1357 aquas.

194 1359 360 1397 Ventum
379 1370 457 1400 erat
477 1363 524 1400 ad
542 1364 644 1400 molli
663 1364 841 1400 declivem
860 1361 1010 1399 tramite
1028 1361 1143 1410 ripam
1159 1375 1166 1398 :

244 1413 403 1452 Ponitur
423 1429 444 1452 e
463 1430 607 1454 summa
625 1417 749 1454 fictilis
771 1428 866 1452 urna
885 1427 1004 1452 coma.

196 1466 307 1504 Fessa
324 1469 463 1507 resedit
482 1470 597 1516 humi,
619 1478 826 1519 ventosque
844 1468 985 1518 accepit
1005 1475 1135 1518 aperto
1313 1470 1361 1507 15

250 1521 416 1568 Pectore,
439 1524 607 1562 turbatas
626 1524 864 1573 restituitque
882 1534 1016 1560 eomas.

195 1574 297 1611 Dum
318 1576 421 1615 sedet
442 1591 450 1621 ;
482 1579 664 1615 umbrosae
683 1578 823 1623 salices,
844 1577 1086 1625 volucresque
1104 1590 1248 1617 canorae

247 1628 432 1669 Fecerunt
450 1644 609 1678 somnos,
631 1637 669 1670 et
687 1632 768 1669 leve
786 1643 953 1668 murmur
971 1643 1089 1679 aquae.

195 1682 340 1720 Blanda
360 1685 464 1733 quies
483 1686 590 1724 victis
608 1686 737 1723 furtim
755 1684 922 1734 subrepit
941 1684 1076 1730 ocellis,

246 1736 296 1774 Et
317 1738 417 1777 cadit
436 1752 458 1776 a
476 1746 602 1778 mento
622 1739 800 1788 languida
818 1738 916 1776 facta
936 1750 1079 1775 manus.
1313 1741 1366 1777 20

196 1789 297 1827 Mars
317 1792 419 1830 videt
439 1793 546 1839 hanc,
567 1794 756 1843 visamque
774 1792 889 1841 cupit,
910 1792 1126 1841 potiturque
1145 1794 1308 1843 cupitam
1327 1809 1334 1832 :

245 1843 295 1882 Et
314 1858 379 1882 sua
397 1846 524 1884 divina
541 1848 640 1886 furta
658 1847 788 1884 fefellit
807 1859 889 1895 ope.

194 1897 352 1936 Somnus
371 1901 470 1938 abit:
492 1900 595 1949 jacet
613 1901 676 1938 illa
694 1899 829 1949 gravis.
883 1898 910 1936 J
912 1911 970 1935 am
985 1898 1125 1938 scilicet
1143 1901 1243 1939 intra

244 1951 406 1999 Viscera,
437 1954 618 1992 Romanae
639 1954 809 1992 conditor·
824 1953 937 1998 urbis,
959 1965 1050 1990 eras.

198 2005 399 2055 Languida
419 2009 612 2057 consurgit
632 2022 641 2052 ;
670 2021 739 2045 nec
758 2007 827 2044 scit
846 2019 911 2044 eur
930 2006 1110 2056 languida
1129 2014 1259 2057 surgat
1279 2022 1287 2046 :
1319 2008 1368 2045 25

247 2059 297 2098 Et
315 2062 461 2111 peragit
480 2063 573 2100 tales
587 2063 719 2099 arbore
737 2062 825 2098 nixa
840 2073 948 2098 sonos
964 2074 972 2098 :

196 2112 299 2151 Utile
317 2115 365 2153 sit
383 2115 631 2166 faustumque,
651 2128 793 2165 precor,
815 2114 915 2163 quod
933 2115 1096 2164 imagine
1110 2117 1234 2153 somni

247 2167 431 2208 Vidimus.
488 2171 550 2206 An
571 2182 701 2207 somno
720 2169 855 2206 clarius
874 2167 971 2206 illud
990 2175 1071 2207 erat
1089 2169 1109 2207 ἰ)

198 2219 354 2270 Ignibus
374 2224 496 2261 Iliacis
516 2224 665 2261 aderam
686 2237 694 2261 ε
725 2236 808 2260 cum
826 2222 930 2272 lapsa
948 2223 1090 2272 capillis

243 2275 395 2316 Decidit
409 2283 497 2316 ante
515 2290 637 2315 sacros
655 2277 762 2314 lanea
780 2276 875 2314 vitta
892 2276 1006 2313 focos.
1313 2275 1365 2314 30

195 2330 289 2367 Inde
308 2331 392 2368 duae
413 2332 564 2381 pariter,
590 2332 671 2368 visu
690 2330 870 2375 mirabile,
897 2330 1028 2379 palmae

247 2384 430 2433 Surgunt.
485 2385 545 2422 Ex
563 2385 636 2422 illis
655 2385 772 2424 altera
786 2384 903 2433 major
922 2389 1002 2421 erat
1020 2397 1028 2421 :

196 2437 244 2475 Et
263 2439 438 2487 gravibus
458 2439 568 2477 ramis
587 2444 709 2478 totum
728 2443 943 2488 protexerat
960 2438 1087 2474 orbem
1106 2450 1116 2481 ;
