1414 2666
452 391 502 437 Q.
538 389 762 429 HORATII
802 388 1001 431 FLACCI

378 491 1078 556 CARMINUM

619 595 756 626 LIBER
779 595 836 627 IV.

500 749 590 787 ODE
611 750 763 788 1.-Ad
785 749 972 789 Venerem.

349 830 601 877 INTERMISSA,
623 831 766 877 Venus,
787 831 866 878 diu,

242 884 389 922 Rursus
407 883 507 921 bella
525 897 652 922 moves
666 884 685 922 P
742 884 872 932 Parce,
891 897 1036 935 precor,
1057 896 1188 936 precor
1203 897 1214 924 z

346 937 438 975 Non
452 950 546 984 sum,
567 938 690 988 qualis
710 951 811 976 eram
825 938 949 977 bonae

243 990 323 1028 Sub
342 1003 460 1040 regno
483 991 654 1030 Cinarae.
713 992 869 1039 Desine,
890 992 1060 1031 dulcium

349 1044 476 1083 Mater
494 1057 605 1083 saeva
625 1044 871 1095 Cupidinum,

240 1097 351 1136 Circa
364 1098 484 1137 lustra
502 1098 633 1136 decem
650 1100 802 1137 flectere
820 1098 997 1138 mollibus

348 1152 375 1190 J
378 1165 437 1189 am
456 1152 593 1190 durum
611 1153 788 1202 imperiis.
845 1152 935 1198 Abi,

240 1205 329 1251 Quo
342 1205 505 1243 blandae
517 1206 702 1255 juvenum
720 1211 760 1244 te
777 1210 957 1245 revocant
975 1217 1115 1256 preces.

351 1259 628 1309 Tempestivius
646 1260 687 1297 in
705 1260 860 1298 domum

246 1312 379 1359 Paulli,
401 1313 598 1363 purpureis
626 1314 701 1351 ales
721 1313 899 1360 oloribus,

350 1366 648 1405 Commissabere
667 1367 837 1414 Maximi,

244 1419 285 1453 Si
304 1424 450 1454 torrere
467 1419 574 1464 jecur
594 1421 742 1464 quaeris
760 1420 952 1453 idoneum.

350 1468 526 1517 Namque
545 1472 584 1506 et
601 1467 749 1513 nobilis,
771 1472 810 1506 et
828 1468 976 1516 decens,

246 1522 297 1561 Et
311 1534 380 1572 pro
400 1521 567 1559 sollicitis
586 1534 664 1559 non
682 1521 822 1560 tacitus
840 1522 926 1570 reis,

349 1575 401 1614 Et
419 1580 571 1614 centum
586 1587 679 1625 puer
698 1575 848 1621 artium,

244 1629 341 1667 Late
361 1629 469 1678 signa
488 1629 582 1667 feret
601 1629 758 1666 militiae
776 1633 865 1667 tuae
885 1642 895 1674 ;

355 1682 420 1729 Et,
442 1683 669 1732 quandoque
687 1682 879 1731 potentior

249 1736 384 1787 Largis
403 1737 623 1774 muneribus
641 1736 766 1774 riserit
785 1736 935 1782 aemuli,

356 1790 528 1828 Albanos
547 1802 664 1840 prope
683 1795 722 1828 te
740 1790 844 1828 lacus

249 1843 373 1883 Ponet
386 1856 631 1881 marmoream
647 1844 717 1880 sub
736 1844 843 1881 trabe
862 1843 992 1882 citrea.

359 1897 442 1935 Illic
459 1897 620 1947 plurima
638 1896 792 1934 naribus

251 1952 379 1990 Duces
398 1956 509 1995 tura3
537 1951 717 2000 lyraeque
736 1955 774 1988 et
795 1950 1043 2000 Berecyntiae

356 2005 606 2043 Delectabere
624 2003 739 2041 tibiae

250 2057 386 2098 Mixtis
403 2058 642 2103 carminibus,
662 2068 740 2094 non
760 2057 840 2095 sine
852 2057 992 2096 fistula·

359 2112 442 2150 Illic
460 2112 517 2149 bis
536 2111 643 2162 pueri
662 2111 724 2148 die

249 2167 416 2212 Numen,
437 2179 523 2204 cum
541 2164 681 2203 teneris
699 2164 920 2214 virginibus,
937 2169 1046 2204 tuum

360 2219 590 2265 Laudantes,
610 2218 708 2269 pede
726 2218 888 2256 candido

256 2274 303 2312 In
320 2286 463 2312 morem
483 2271 626 2311 Salium
643 2277 702 2310 ter
721 2272 893 2321 quatient
910 2272 1080 2310 humum.

361 2327 427 2365 Me
445 2339 516 2365 nec
532 2326 682 2372 femina,
702 2338 773 2364 nec
791 2338 884 2375 puer

255 2382 354 2430 Jam,
374 2393 444 2419 nec
462 2393 546 2431 spes
565 2380 680 2418 animi
698 2379 851 2417 credula
868 2379 1002 2426 mutui,

363 2435 446 2473 Nec
464 2439 609 2474 certare
620 2433 732 2485 juvat
749 2445 864 2481 mero,

1305 1045 1329 1083 ΩΙ

1276 1312 1328 1349 10

1281 1841 1332 1879 20

1282 2373 1336 2413 30
