1475 2712
447 206 638 234 AENEmos
658 205 703 233 11.
1104 195 1127 232 3
1136 194 1157 228 5

0 302 77 342 Aut
95 303 248 342 moriere
266 303 385 342 simul.
440 303 500 341 Sic
518 315 582 340 ore
600 303 722 347 effata,
741 300 880 350 recepit

0 355 63 394 Ad
81 369 159 394 sese
176 362 214 395 et
233 370 334 395 sacra
351 357 571 406 longaevum
590 356 628 393 in
647 356 734 393 sede
752 354 897 392 locavit.
1084 352 1159 390 525

50 409 170 448 Ecce!
199 415 332 454 autem,
354 410 496 459 elapsus
514 409 649 459 Pyrrhi
668 409 715 446 de
732 408 854 450 caede,
877 407 1028 451 Polites,

1 461 107 500 Unus
126 468 297 502 natorum
318 463 463 508 Priami,
483 476 550 513 per
568 463 653 508 tela,
673 476 739 512 per
757 461 884 506 hostis,

0 515 210 554 Porticibus
228 517 350 566 longis
367 517 474 566 fugit,
495 522 533 554 et
553 529 666 554 vacua
685 516 781 554 atria
799 515 946 555 lustrat,
986 529 989 531 “

0 569 178 608 Saucius:
206 570 309 611 illum
327 570 461 607 ardens
479 570 613 607 infesto
632 570 781 606 volnere
801 568 966 617 Pyrrhus

0 622 222 671 Insequitur,
235 624 314 673 jam
326 624 476 673 jamque
490 636 601 660 manu
615 629 729 667 tenet,
746 628 783 660 et
802 620 935 670 premit
950 620 1064 658 hasta.
1083 622 1159 657 530

5 676 60 714 Ut
77 677 227 714 tandem
247 683 333 715 ante
351 678 476 715 oculos
495 677 610 715 evasit
628 682 666 714 et
685 689 748 713 ora
766 681 973 724 parentum,

2 729 187 775 Concidit,
206 743 248 768 ac
265 730 382 769 multo
401 731 512 768 vitam
531 743 611 767 cum
629 729 809 778 sanguine
826 728 934 765 fudit.

1 782 77 820 Hic
97 783 275 828 Priamus,
295 797 512 834 quamquam
532 784 570 820 in
590 784 710 820 media
722 784 799 831 jam
819 786 936 819 morte
955 787 1115 826 tenetur,

2 836 90 873 Non
108 841 232 874 tamen
252 838 440 883 abstinuit,
460 850 528 874 nec
547 838 629 874 voci
647 837 795 886 iraeque
813 834 976 885 pepercit
995 848 1004 871 z

2 890 56 928 At
71 890 139 928 tibi
153 903 220 940 pro
240 892 386 935 scelere,
407 892 598 934 exclamat,
618 903 686 940 pro
705 891 840 927 talibus
860 888 967 932 ausis,
1085 888 1159 924 535

5 943 68 988 Di,
87 944 118 980 si
136 957 209 993 qua
228 950 283 983 est
302 945 404 982 coelo
422 945 539 994 pietas
559 956 650 992 quae
666 944 753 981 talia
771 950 886 984 curet,

4 996 221 1035 Persolvant
239 1003 362 1046 grates
382 999 526 1047 dignas,
548 1004 585 1036 et
605 998 765 1046 praemia
783 996 942 1034 reddant

6 1049 169 1094 Debita3
198 1051 260 1098 qui
278 1052 356 1088 nati
376 1065 497 1088 coram
516 1064 575 1088 me
594 1063 743 1087 cernere
763 1051 878 1087 letum

6 1102 152 1148 Fecisti,
173 1110 210 1141 et
230 1104 369 1153 patrios
388 1105 544 1142 foedasti
562 1105 692 1141 funere
712 1104 844 1140 voltus.

7 1157 62 1194 At
79 1169 155 1194 non
172 1157 246 1203 ille,
267 1163 387 1195 satum
406 1170 478 1206 quo
497 1163 534 1195 te
556 1158 732 1200 mentiris,
758 1157 921 1192 Achilles
1092 1157 1169 1192 540

8 1209 108 1247 Talis
126 1210 167 1247 in
183 1211 288 1248 hoste
305 1211 376 1248 fuit
397 1211 543 1248 Priamo
559 1224 567 1254 ;
597 1211 661 1247 sed
676 1211 764 1259 jura
781 1210 965 1257 fidemque

8 1263 190 1312 Supplicis
208 1265 369 1310 erubuit,
388 1277 595 1314 corpusque
614 1276 801 1312 exsangue
816 1265 986 1312 sepulcro

11 1317 193 1354 Reddidit
212 1317 450 1363 Hectoreum,
471 1331 600 1366 meque
620 1318 657 1354 in
677 1330 757 1354 mea
776 1329 890 1360 regna
909 1317 1062 1354 remisit.

12 1370 73 1409 Sic
90 1370 188 1408 fatus
206 1371 338 1413 senior,
358 1373 549 1420 telumque
567 1371 714 1408 imbelle
733 1371 810 1407 sine
828 1371 906 1407 ictu

12 1423 205 1473 Conjecit:
233 1437 344 1462 rauco
363 1425 463 1474 quod
477 1430 653 1474 protenus
673 1437 756 1461 aere
774 1424 973 1472 repulsum.
1096 1423 1170 1459 545

12 1477 62 1515 Et
80 1490 222 1515 summo
241 1479 346 1528 clipei
366 1479 611 1527 nequidquam
632 1479 792 1514 umbone
814 1478 1004 1526 pependit„

14 1531 84 1568 Cui
103 1530 268 1581 Pyrrhus
285 1545 293 1569 :
324 1532 477 1569 Referes
496 1545 584 1581 ergo
603 1532 704 1576 haec,
725 1538 763 1569 et
782 1531 935 1568 nuntius
953 1531 1024 1567 ibis

14 1584 163 1622 Pelidae
180 1585 340 1633 genitori
356 1600 364 1630 3
393 1586 446 1622 illi
467 1599 546 1622 mea
563 1586 683 1624 tristia
700 1585 808 1628 facta,

13 1637 318 1687 Degeneremque
337 1640 631 1688 Neoptolemum,
652 1651 801 1675 narrare
819 1643 1016 1675 memento.

12 1691 124 1728 Nunc
138 1704 291 1729 morere.
331 1692 414 1730 Hoc
428 1693 564 1738 dicens,
578 1692 706 1730 altaria
721 1692 767 1728 ad
783 1692 860 1741 ipsa
867 1696 1084 1729 trementem
1098 1691 1174 1727 550

15 1745 156 1789 Traxit,
176 1751 214 1783 et
232 1745 270 1782 in
289 1746 406 1784 multo
425 1747 629 1795 lapsantem
649 1746 830 1794 sanguine
849 1746 926 1783 nati
948 1758 956 1784 2

15 1797 275 1848 Implicuitque
293 1813 435 1837 comam
454 1800 568 1844 laeva,
590 1800 793 1846 dextraque
813 1811 1006 1836 coruscum

17 1851 175 1893 Extulit,
197 1864 238 1889 ac
257 1852 364 1890 lateri
382 1853 514 1902 capulo
534 1859 642 1890 tenus
660 1849 816 1895 abdidit,
838 1865 974 1890 ensem.

15 1905 121 1943 Haec
134 1905 216 1942 finis
236 1905 371 1944 Priami
385 1907 566 1945 fatorum:
596 1906 656 1942 hic
676 1906 795 1943 exitus
814 1906 918 1943 illum

17 1958 126 1997 Sorte
142 1959 241 2004 tulit,
263 1960 411 2009 Trojam
429 1961 614 1998 incensam
633 1965 670 1996 et
689 1959 858 2009 prolapsa
876 1960 1061 1997 videntem
1096 1960 1171 1995 555

19 2011 222 2061 Pergama;
253 2018 308 2052 tot
327 2015 511 2062 quondam
530 2013 674 2063 populis
695 2014 874 2061 terrisque
892 2013 1103 2063 superbum,

18 2065 270 2114 Regnatorem
289 2067 413 2104 Asiae.
467 2067 492 2105 J
495 2073 574 2105 acet
592 2067 723 2115 ingens
742 2067 867 2104 littore
884 2073 1050 2110 truncae,

19 2119 273 2168 Avolsumque
291 2120 451 2158 humeris
470 2125 590 2170 caput,
614 2129 650 2157 et
668 2121 746 2157 sine
764 2120 913 2157 nomine
931 2133 1076 2169 corpus.

73 2175 125 2210 At
143 2186 202 2210 me
221 2179 300 2211 tum
320 2175 477 2223 primum
495 2187 624 2212 saevus
639 2174 882 2212 circumstetit
901 2174 1041 2211 horror.

22 2225 208 2276 Obstupui
223 2240 231 2264 :
261 2228 374 2265 subiit
392 2228 467 2265 cari
483 2227 662 2276 genitoris
681 2227 813 2275 imago,
1098 2226 1174 2263 560

20 2279 75 2317 Ut
92 2292 215 2328 regem
231 2293 454 2330 aequaevum
473 2281 613 2318 crudeli
631 2280 779 2317 volnere
798 2280 872 2317 vidi

21 2333 145 2371 Vitam
165 2334 421 2372 exhalantem:
451 2335 562 2373 subiit
581 2334 727 2371 deserta
746 2333 897 2379 Creusa,

23 2385 72 2424 Et
90 2386 235 2436 direpta
253 2388 396 2433 domus,
416 2393 454 2426 et
472 2387 576 2437 parvi
597 2399 702 2424 casus
722 2386 808 2423 Iuli.

21 2439 204 2490 Respicio,
223 2445 274 2488 et,
291 2454 385 2492 quae
402 2442 450 2480 sit
467 2454 527 2480 me
544 2441 682 2479 circum
698 2440 962 2490 copia,.lustr0„
