1475 2712
522 184 732 213 CARMINUM
750 184 796 211 111
802 200 811 209 .

304 283 392 321 ODE
413 280 664 320 XVII.-Ad
679 281 826 319 Aelium
844 281 1026 319 Lamiam.

185 362 299 408 ΑΕΗ,
320 366 467 401 vetusto
486 361 622 399 nobilis
640 361 688 398 ab
708 361 836 406 Lamo,

191 413 375 464 [Quando
394 421 432 454 et
449 415 590 465 priores
609 414 696 451 hinc
716 415 866 452 Lamias
884 415 1011 452 ferunt

245 469 527 514 Denominatos,
548 473 587 507 et
604 473 796 518 nepotum,

298 523 370 560 Per
387 535 580 568 memores,
599 534 720 570 genus
739 534 860 566 omne,
881 521 1007 568 fastos,

190 577 357 614 Auctore
375 576 423 613 ab
440 576 506 613 illo
525 576 630 613 ducit
649 575 864 626 originenn]

193 629 268 675 Qui
289 629 520 667 Formiarum
539 628 687 666 moenia
705 628 844 666 dicitur

246 682 435 733 Princeps,
456 687 494 721 et
512 683 706 720 innantem
727 682 892 720 Maricae

262 752 265 755 ⁴
296 736 508 774 Littoribus
527 736 691 774 tenuisse
711 735 841 781 Lirim,

192 790 289 828 Late
308 797 491 840 tyrannus
508 803 516 834 ;
538 803 618 827 cras
637 789 734 826 foliis
754 802 885 827 nemus

191 843 336 889 Multis,
357 849 395 881 et
414 844 499 892 alga
517 844 624 882 littus
642 843 780 889 inutili,

245 897 419 934 Demissa
438 902 640 947 tempestas
659 897 706 933 ab
727 897 830 933 Euro

298 950 460 996 Sternet,
481 963 598 1000 aquae
617 950 688 987 nisi
707 950 803 987 fallit
822 962 955 998 augur,

192 1003 348 1040 Annosa
367 1004 509 1041 cornix.
566 1003 671 1041 Dum
690 1004 800 1053 potis,
822 1003 968 1040 aridum

197 1056 389 1106 Compone
407 1057 552 1106 lignum
570 1070 578 1095 :
609 1070 690 1094 cras
711 1056 875 1094 Genium
894 1069 996 1094 mero

244 1109 403 1148 Curabis
423 1117 460 1148 et
478 1123 592 1160 porco
609 1111 777 1149 bimestri

296 1163 392 1200 Cum
411 1163 570 1210 famulis,
591 1177 744 1213 operum
765 1164 908 1202 solutis.

382 1253 472 1291 ODE
493 1253 767 1292 XVIII.—.flcl
786 1255 971 1292 Faunum.

194 1332 342 1379 FAUNE,
364 1333 628 1384 Nympharum
647 1334 858 1383 fugientum
879 1338 1034 1379 amator,

194 1387 268 1424 Per
287 1399 389 1424 meos
407 1388 500 1425 fines
520 1393 559 1425 et
577 1388 703 1437 aprica
722 1401 811 1425 rura

194 1440 309 1478 Lenis
327 1441 490 1487 incedas,
513 1442 697 1491 abeasque
716 1442 840 1491 parvis

405 1495 562 1544 Aequus
581 1495 740 1532 alumnis
757 1509 765 1539 ;

195 1548 235 1584 Si
254 1552 361 1585 tener
379 1548 491 1598 pleno
511 1548 613 1586 cadit
631 1549 772 1586 haedus
792 1561 904 1593 anno,

197 1601 323 1650 Larga
342 1614 410 1639 nec
430 1602 579 1646 desunt,
600 1602 760 1639 Veneris
780 1602 910 1648 sodali,

197 1654 299 1692 Vina
319 1658 626 1701 craterae,‘vetus
645 1668 708 1693 ara
722 1656 842 1694 multo

412 1709 549 1746 Fumat
567 1709 695 1746 odore.

200 1761 319 1800 Ludit
337 1762 498 1799 herboso
518 1775 631 1812 pecus
651 1775 761 1800 omne
779 1775 922 1812 campo,

199 1815 295 1852 Cum
314 1815 384 1853 tibi
403 1815 536 1853 Nonae
555 1816 716 1854 redeunt
736 1816 964 1854 Decembres
981 1831 989 1855 ;

197 1869 331 1907 Festus
349 1869 388 1905 in
406 1869 523 1919 pratis
541 1874 650 1907 vacat
669 1869 790 1907 otioso

414 1922 510 1960 Cum
529 1923 624 1960 bove
641 1935 782 1972 pagus:

200 1975 304 2014 Inter
324 1975 483 2013 audaces
501 1976 612 2025 lupus
634 1982 734 2014 errat
753 1989 871 2025 agnos
892 1990 900 2013 ε

202 2029 354 2078 Spargit
373 2034 540 2079 agrestes
558 2029 628 2067 tibi
647 2030 739 2067 silva
758 2030 910 2068 frondes
926 2043 934 2067 :

205 2083 359 2120 Gaudet
377 2083 536 2120 invisam
554 2083 740 2133 pepulisse
758 2083 877 2127 fossor

423 2136 499 2174 Ter
518 2137 615 2186 pede
634 2142 784 2175 terram.

405 2229 494 2267 ODE
515 2227 745 2267 xlx-Ad
765 2229 974 2280 Telephum.

308 2308 507 2354 QUANTUM
526 2308 642 2346 distet
661 2308 709 2345 ab
728 2308 868 2346 Inacho

205 2361 362 2408 Codrus
383 2375 452 2412 pro
470 2362 593 2412 patria
610 2374 688 2399 non
707 2361 862 2400 timidus
881 2362 987 2408 mori,

311 2416 466 2463 Narras,
487 2420 525 2454 et
542 2427 662 2466 genus
670 2414 810 2472 *Aeaci,

1241 575 1264 612 Β(

1220 843 1269 880 10

1223 1111 1271 1147 15

1252 1548 1274 1585 01

1229 1816 1279 1853 10

1234 2084 1281 2121 15
