1475 2712
522 235 733 264 CARMINUM
752 235 805 263 IV.

187 333 293 372 Luce
312 333 510 372 Maecenas
525 344 629 370 meus
648 332 842 370 affluentes

391 386 554 424 Ordinat
571 398 701 423 annos.

178 439 399 491 Telephum,
420 452 531 490 quem
544 444 588 477 tu
606 440 714 489 petis,
735 437 944 488 occupavit,

177 494 268 532 Non
288 500 375 533 tuae
394 493 504 531 sortis
517 493 708 543 juvenem,
730 492 855 541 puella

185 549 303 586 Dives
322 553 359 586 et
377 547 526 592 lasciva,
547 552 729 596 tenetque
743 551 853 595 grata

396 600 588 650 Compede
605 601 788 638 vinctum.

181 654 316 693 Terret
335 655 529 692 ambustus
550 654 749 692 Phaethon
768 665 897 691 avaras

181 708 292 757 Spes;
322 713 361 746 et
381 708 591 757 exemplum
610 720 726 757 grave
743 708 899 757 praebet
918 706 995 743 ales

181 762 358 811 Pegasus,
375 766 567 800 terrenum
586 761 750 810 equitem
764 765 943 810 gravatus

388 815 730 864 Bellerophontem,

182 868 338 918 Semper
356 873 399 907 ut
416 873 456 907 te
475 869 592 917 digna
611 880 778 917 sequare,
795 872 845 913 et,
866 867 967 906 ultra

183 922 309 967 Quam
327 922 415 960 licet
433 935 582 971 sperare
601 921 705 959 nefas
723 921 906 971 putando,

179 975 380 1025 Disparem
403 976 508 1013 vites.
564 976 650 1024 Age
663 975 756 1024 jam,
777 987 947 1013 meorum

386 1029 491 1066 Finis
510 1041 693 1075 amorum,

176 1082 267 1119 Non
282 1083 381 1120 enim
400 1083 555 1132 posthac
575 1083 647 1120 alia
667 1082 796 1119 calebo

179 1135 345 1181 Femina,
367 1137 543 1174 condisce
562 1136 705 1181 modos,
727 1135 888 1173 amanda

175 1189 280 1227 Voce
299 1203 392 1239 quos
407 1190 566 1227 reddas:
588 1189 807 1227 minuentur
826 1194 931 1227 atrae

390 1242 567 1281 Carmine
586 1256 710 1281 curae.

383 1322 472 1359 ODE
491 1321 703 1360 XIL-Ad
725 1320 935 1372 Virqilium.

169 1401 195 1438 J
199 1411 253 1437 AM
272 1400 369 1438 veris
388 1401 555 1446 comites,
576 1413 671 1450 quae
691 1413 794 1438 mare
814 1403 1042 1449 temperant,

174 1454 378 1503 Impellunt
397 1456 542 1492 animae
561 1455 678 1491 lintea
699 1454 882 1491 Thraciae
899 1467 907 1491 t

173 1508 260 1545 Jam
280 1521 348 1544 nec
368 1514 476 1556 prata
496 1509 631 1556 rigent,
653 1521 722 1545 nec
741 1507 846 1544 fluvii
865 1510 1040 1556 strepunt

279 1561 453 1598 Hiberna
474 1563 558 1598 nive
578 1562 722 1610 turgidi
741 1575 749 1598 ε

173 1615 316 1652 Nidum
336 1615 454 1664 ponit,
478 1615 567 1664 Ityn
586 1615 761 1653 flebiliter
780 1627 945 1664 gemens,

174 1667 310 1706 Infelix
329 1669 418 1713 avis,
439 1674 478 1706 et
499 1669 702 1718 Cecropiae
721 1669 855 1705 domus

170 1722 382 1760 Aeternum
401 1723 655 1772 opprobrium,
677 1722 779 1771 quod
799 1722 896 1759 male
915 1723 1092 1761 barbaras

284 1775 436 1824 Regum
455 1781 511 1813 est
530 1776 611 1814 ulta
630 1776 806 1812 libidines
823 1790 830 1813 :

176 1829 333 1874 Dicunt,
353 1829 393 1865 in
414 1834 543 1866 tenero
562 1829 744 1878 gramine,
764 1829 963 1878 pinguium

177 1883 363 1920 Custodes
382 1883 694 1920 oviumrearmina
712 1883 838 1920 fistula
854 1896 862 1927 ;

176 1936 454 1985 Delectantque
473 1937 598 1981 deum,
619 1937 680 1978 cui
699 1949 813 1985 pecus
832 1941 870 1974 et
885 1937 986 1987 nigri

283 1989 406 2027 Colles
420 1990 606 2027 Arcadiae
623 1990 785 2039 placent.

172 2042 379 2080 Adduxere
398 2043 497 2081 sitim
515 2049 695 2093 tempora,
718 2044 879 2093 virgili:

176 2097 263 2142 Sed,
285 2109 453 2146 pressum
474 2096 628 2135 Calibus
647 2097 786 2134 ducere
806 2098 987 2136 Liberum

175 2150 214 2187 Si
234 2150 361 2198 gestis,
377 2149 562 2197 juvenum
581 2151 763 2188 nobilium
783 2152 911 2197 cliens,

284 2203 416 2241 Nardo
437 2204 524 2240 vina
542 2205 746 2241 merebere.

175 2257 297 2294 Nardi
316 2270 454 2306 parvus
474 2269 576 2306 onyx
595 2257 720 2295 eliciet
739 2258 886 2303 cadum,

174 2311 252 2357 Qui
270 2323 372 2348 nunc
392 2311 568 2360 Sulpiciis
588 2311 747 2349 accubat
763 2311 919 2356 horreis,

173 2364 266 2414 Spes
285 2364 427 2402 donare
444 2377 559 2410 novas
578 2364 717 2413 largus,
739 2377 939 2415 amaraque

280 2417 465 2456 Curarum
485 2418 610 2456 eluere
629 2418 771 2456 efficax.

174 2472 239 2510 Ad
257 2484 352 2522 quae
367 2472 398 2509 si
412 2484 590 2525 properas
607 2471 759 2522 gaudia,
779 2482 866 2510 cum
885 2476 952 2511 tua

1208 224 1256 261 81

1208 653 1241 689 μ’)

1239 653 1258 689 ω’(

1209 921 1262 958 30

1229 1614 1252 1651 ‘ct

1207 1882 1253 1919 10

1204 2421 1256 2458 20
