1414 2666
143 142 194 179 24

606 154 820 182 CARMINUM
839 154 866 181 1.

249 249 418 288 Obscura
437 261 626 300 promens.
681 250 786 289 Hinc
799 251 942 301 apicem
961 263 1079 304 rapax

302 303 470 341 Fortuna
489 316 573 341 cum
589 304 751 342 stridore
769 310 881 343 acuto

355 357 528 403 Sustulit,
546 357 608 395 hic
625 358 792 408 posuisse
810 358 964 408 gaudet.

405 473 496 511 Onn
525 472 814 513 XXXV.-„f101
831 473 1055 514 Fortunam.

245 577 279 614 Ο
300 588 406 623 DIVA,
424 583 577 627 gratum
596 591 692 628 quae
711 578 812 628 regis
832 579 1006 625 Antium,

240 630 420 669 Praesens
439 632 499 669 vel
514 632 592 669 imo
610 632 745 670 tollere
763 632 812 669 de
829 633 946 681 gradu

297 685 460 724 Mortale
479 698 626 735 corpus,
646 685 702 723 vel
722 687 906 735 superbos

348 739 508 778 Vertere
526 739 719 776 funeribus
734 740 945 788 triumphos
961 739 970 778 Ξ

238 794 293 831 Te
313 806 454 843 pauper
472 793 589 830 ambit
608 792 769 830 sollicita
783 805 893 842 prece

239 847 357 884 Ruris
376 846 558 890 colonus;
587 850 627 884 te
645 845 837 883 dominam
857 845 1041 895 aequoris,

295 900 522 949 Quicunque
544 898 714 949 Bithyna
732 899 881 937 lacessit

346 953 591 1003 Carpathium
611 952 765 1002 pelagus
784 953 924 990 carina.

241 1008 296 1045 Te
315 1006 444 1044 Dacus
463 1019 581 1056 asper,
598 1011 637 1044 te
655 1006 806 1056 profugi
825 1006 1001 1056 Scythae,

240 1062 449 1110 Urbesque‚
471 1066 690 1110 gentesque,
711 1065 750 1098 et
773 1060 922 1098 Latium
941 1060 1060 1106 ferox,

293 1115 520 1164 Regumque
538 1119 676 1152 matres
693 1113 951 1160 barbarorum,
972 1118 1011 1152 et·

353 1168 540 1218 Purpurei
559 1172 735 1206 metuunt
755 1167 921 1217 tyranni,

243 1222 428 1271 Injurioso
446 1235 495 1259 ne
512 1221 608 1271 pede
627 1233 784 1270 proruas

243 1277 414 1315 Stantem
435 1275 648 1313 columnam
670 1288 679 1320 ;
709 1287 784 1312 neu
804 1274 966 1325 populus
985 1273 1160 1324 frequens

291 1329 359 1367 Ad
377 1342 481 1367 arma
495 1333 682 1367 cessantes
701 1328 750 1365 ad
765 1340 869 1365 arma

351 1383 538 1428 Concitet,
554 1382 827 1431 imperiumque
844 1381 1007 1431 frangat.

243 1437 299 1476 Te
318 1449 463 1486 semper
483 1436 604 1474 anteit
622 1447 732 1472 saeva
750 1435 976 1480 Necessitas,

240 1492 375 1530 Clavos
395 1490 557 1528 trabales
576 1494 614 1527 et
633 1501 771 1526 cuneos
790 1501 904 1526 manu

301 1545 463 1583 Gestans
483 1547 606 1587 aena3
635 1556 705 1580 nec
723 1555 873 1580 severus

349 1598 481 1636 Uncus
497 1598 612 1643 abest,
633 1596 892 1645 liquidumque
910 1595 1123 1645 plumbum.

241 1653 297 1691 're
318 1652 423 1703 SpeS‚
439 1657 478 1690 et
492 1652 577 1706 albo
596 1663 681 1687 rara
703 1650 814 1687 Fides
833 1649 923 1687 colit

244 1707 382 1745 Velata
400 1718 547 1756 panno3
577 1717 648 1741 nec
662 1715 743 1741 con
748 1703 838 1742 item
857 1703 1034 1753 abnegat,

298 1760 503 1808 Utcunque
522 1762 669 1796 mutata
679 1762 863 1819 potentes

349 1814 467 1851 Veste
485 1812 646 1849 domos
636 1823 787 1848 mimica
798 1810 966 1859 linquis
957 1839 966 1847 .

236 1869 291 1906 At
310 1867 439 1916 vulgus
457 1866 616 1903 infidum
633 1870 674 1903 et
701 1863 880 1901 meretrix
897 1867 1000 1902 retro

242 1922 398 1971 Perjura
416 1920 516 1958 cedit
537 1933 545 1964 ;
576 1918 797 1968 diffugiunt,
815 1917 918 1954 cadis

296 1976 391 2012 Cum
411 1974 514 2012 faece
533 1972 691 2017 siccatis,
713 1971 825 2008 amici

347 2028 462 2066 Ferre
474 2027 611 2076 jugum
630 2026 772 2074 pariter
791 2024 923 2062 dolosi.

241 2085 375 2123 Serves
392 2082 534 2120 iturum
555 2081 752 2118 Caesarem
773 2079 812 2115 in
831 2078 983 2116 ultimos

202 2138 356 2180 ffiOrbis
379 2136 595 2180 Britannos,
611 2141 649 2171 et
662 2133 846 2183 juvenum
867 2145 997 2170 recens

294 2191 476 2234 Examen,
499 2188 589 2226 Eois
609 2187 818 2225 timendum

347 2244 523 2281 Partibus
543 2253 758 2291 oceanoque
779 2240 908 2278 rubro.

244 2299 351 2337 Eheu
367 2298 375 2336 l
406 2297 622 2334 cicatricum
643 2300 682 2333 et
700 2293 848 2332 sceleris
866 2293 997 2343 pudet,

242 2353 505 2399 Fratrumque.
563 2349 668 2395 Quid
687 2361 756 2385 nos
776 2347 871 2384 dura
889 2347 1097 2397 refugimus

292 2407 410 2443 Aetas
429 2405 449 2441 ἱ)
477 2403 568 2454 quid
586 2404 772 2442 intactum
792 2401 928 2440 nefasti

1272 1061 1322 1099 10

1270 1598 1322 1635 20

1273 1865 1323 1903 25

1264 2134 1316 2170 30

1264 2401 1317 2441 35
