1475 2712
1276 207 1298 245 σε(

578 211 788 241 CARMINUM
815 213 844 241 1.

227 311 350 356 Quam
373 307 485 347 Jocus
503 308 754 355 circumvolat,
771 314 809 346 et
826 309 998 360 Cupido:

229 363 313 401 Sive
333 361 534 411 neglectum
551 373 664 410 genus
682 368 718 399 et
736 369 888 413 nepotes
1250 366 1300 403 35

436 413 612 464 Respicis,
634 421 773 463 auctor,

221 469 333 508 Heu!
364 468 472 506 nimis
491 468 596 517 longo
615 469 741 506 satiate
759 469 857 517 ludo,

219 524 344 570 Quem
359 521 466 571 juvat
485 522 633 566 clamor,
653 523 850 574 galeaeque
868 523 980 572 leves,

220 578 322 616 Acer
339 582 375 614 et
392 576 513 613 Mauri
535 575 663 625 peditis
682 583 876 615 cruentum

433 628 564 666 Vultus
583 629 618 666 in
638 628 796 668 hostem.
1248 633 1299 670 40

223 684 308 722 Sive
328 689 467 720 mutata
483 681 660 731 juvenem
681 684 808 732 figura,

217 738 320 784 Ales,
340 737 373 773 in
396 737 493 773 terris
522 737 683 782 imitaris,
703 738 823 774 almae

217 791 332 829 Filius
352 789 490 836 Maiae,
512 790 652 839 patiens
670 792 793 828 vocari

428 844 596 881 Caesaris
616 844 708 881 ultor
727 857 737 893 3

217 898 330 935 Serus
350 897 385 933 in
406 897 550 934 coelum
571 897 709 943 redeas,
729 897 864 947 diuque
1246 898 1299 936 45

221 951 357 988 Laetus
372 951 511 987 intersis
530 951 666 1000 populo
686 951 843 998 Quirini,

215 1004 320 1042 Neve
339 1011 385 1052 te,
403 1005 530 1040 nostris
550 1004 642 1041 vitiis
661 1004 841 1054 iniquum,

431 1057 541 1095 Ocior
559 1069 649 1093 aura

220 1110 348 1149 Tollat.
407 1110 482 1147 Hic
502 1123 653 1158 magnos
672 1111 791 1160 potius
817 1110 1031 1161 triumphos,

217 1165 289 1201 Hic
310 1175 412 1201 ames
431 1163 500 1200 dici
524 1164 628 1201 Pater
647 1170 756 1212 atque
778 1164 952 1215 Princeps
969 1178 978 1213 ;
1249 1166 1297 1204 50

216 1216 301 1255 Neu
321 1218 419 1254 sinas
440 1216 571 1265 Medos
589 1218 751 1266 equitare
770 1218 917 1265 inultos,

422 1269 476 1307 Te
493 1268 601 1317 duce,
625 1271 778 1309 Caesar.

122 1364 210 1401 One
232 1361 424 1401 111.-Ad
439 1360 583 1399 Navem
598 1375 672 1412 qua
688 1362 882 1401 vehebatwr
905 1361 1082 1415 Viryilius
1101 1363 1263 1403 Athenas

565 1416 802 1466 proficiscens
811 1444 819 1454 .

321 1492 385 1531 Sic
407 1499 440 1530 te
460 1492 545 1530 diva
566 1499 694 1542 potens
716 1493 844 1543 Cypri,

212 1548 274 1586 Sic
292 1546 418 1584 fratres
439 1546 621 1592 Helenae,
640 1547 761 1584 lucida
781 1547 911 1595 sidera,

317 1600 594 1649 Ventorumque
613 1607 711 1649 regat
733 1607 844 1650 pater,

219 1654 406 1693 Obstrictis
426 1654 503 1690 aliis
524 1660 664 1704 praeter
685 1654 833 1704 iapyga,

325 1707 456 1753 Navis,
477 1719 572 1756 quae
591 1707 652 1744 tibi
673 1707 850 1745 creditum
1281 1710 1302 1746 5

220 1761 345 1800 Debes
363 1761 565 1809 Virgilium,
587 1761 719 1798 finibus
741 1761 874 1798 Atticis

326 1814 472 1852 Reddas
491 1814 728 1860 incolumem,
748 1826 890 1864 precor,

217 1870 266 1909 Et
284 1881 406 1907 serves
426 1868 569 1904 animae
589 1867 778 1905 dimidium
798 1879 918 1905 meae.

323 1921 377 1959 llli
398 1922 506 1959 robur
524 1928 561 1957 et
580 1933 641 1958 aes
659 1922 790 1970 triplex

219 1978 326 2017 Circa
344 1982 473 2026 pectus
491 1980 578 2021 erat,
601 1975 662 2024 qui
681 1974 841 2024 fragilem
861 1976 952 2012 truci
1254 1979 1300 2014 10

323 2029 519 2067 Commisit
538 2028 664 2078 pelago
683 2036 797 2066 ratem

218 2085 373 2129 Primus,
393 2094 462 2119 nec
483 2083 599 2119 timuit
617 2083 853 2132 praecipitem
875 2080 1046 2119 Africum

317 2135 576 2174 Decertantem
597 2135 855 2185 Aquilonibus,

216 2189 300 2230 Nec
318 2190 433 2227 tristes
452 2188 617 2238 Hyadas,
634 2201 704 2226 nec
723 2189 862 2227 rabiem
881 2186 967 2226 Noti
983 2201 993 2236 3

326 2243 414 2290 Quo
433 2255 505 2279 non
525 2242 654 2279 arbiter
674 2242 835 2279 Hadriae
1250 2244 1295 2281 15

219 2296 356 2347 Major,
373 2297 496 2334 tollere
517 2308 582 2333 seu
603 2308 735 2345 ponere
754 2296 831 2332 vult
848 2294 952 2332 freta.

318 2350 443 2397 Quem
461 2351 583 2387 mortis
602 2350 720 2386 timuit
737 2348 899 2398 gradum,

218 2405 294 2452 Qui
314 2405 421 2442 siccis
440 2405 556 2442 oculis
577 2410 737 2441 monstra
756 2402 928 2449 natantia,

321 2458 398 2505 Qui
417 2458 505 2496 vidit
525 2469 623 2496 mare
641 2455 835 2506 turgidum,
850 2462 886 2493 et

661 2521 743 2560 A2
