1475 2712
522 204 734 234 GARMINUM
760 204 804 231 11.

289 305 370 354 Usq
372 317 447 349 ue;
477 315 546 340 nec
567 299 786 339 Armeniis
775 312 816 336 m
830 298 916 345 oris,

185 358 317 396 Amice
335 318 459 406 Valgi,
480 361 555 394 stat
574 354 740 405 glacies·
730 366 830 390 mers

185 413 334 450 Menses
353 424 420 461 per
439 422 595 448 omnes:
625 412 691 445 aut
710 405 962 456 Aquilonibus

240 465 428 511 Querceta
444 463 612 512 Gargani
631 462 817 507 laborant,

292 518 342 556 Et
360 518 457 555 foliis
476 517 681 554 viduantur
701 514 795 552 orni.

189 573 249 609 Tu
266 584 411 621 semper
429 583 568 619 urgues
586 568 774 606 flebilibus
792 567 913 604 modis

188 626 341 676 Mysten
360 625 583 667 ademtum3
613 635 682 660 nec
700 622 783 666 tibi,
803 621 970 683 Vespero

236 679 432 727 Surgente,
453 677 644 714 decedunt
663 687 820 719 amores,

285 733 365 770 Nec
383 731 556 781 rapidum
575 729 745 779 fugiente
765 728 902 766 Solem.

186 786 239 824 At
258 798 335 824 non
353 789 411 824 ter
426 797 516 822 aevo
530 785 682 821 functus
702 782 898 819 amabilem

185 839 352 877 Ploravit
370 851 498 876 omnes
517 837 762 876 Antilochum
781 847 896 872 senex

288 893 421 930 Annos
437 906 445 930 ε
467 905 537 929 nec
556 891 747 940 impubem
766 893 941 939 parentes

288 946 454 992 Troilon,
477 951 543 984 aut
564 944 754 994 Phrygiae
773 955 934 988 sorores,

183 1000 212 1037 F
213 1000 336 1037 levere
356 1011 514 1048 semper.
571 998 716 1035 Desine
734 996 903 1033 mollium

186 1053 356 1091 Tandem
376 1052 611 1102 querelarum
632 1064 640 1088 z
672 1056 710 1088 et
729 1050 854 1099 potius
874 1062 971 1087 nova

238 1106 445 1144 Cantemus
464 1105 629 1154 Augusti
644 1109 799 1153 tropaea

293 1159 462 1197 Caesaris
482 1171 491 1203 ;
521 1164 560 1196 et
578 1158 741 1207 rigidum
762 1156 967 1206 Niphaten,

185 1213 416 1262 Medumque
433 1213 585 1257 flumen,
605 1211 785 1260 gentibus
804 1210 976 1249 additum

180 1267 313 1313 Victis,
333 1267 494 1304 minores
509 1265 659 1303 volvere
677 1264 861 1307 vortices;

238 1320 417 1370 Intraque
435 1318 707 1369 praescriptum
728 1318 895 1356 Gelonos

288 1374 446 1423 Exiguis
464 1373 634 1423 equitare
652 1371 804 1422 campis.

414 1467 503 1503 ODE
524 1464 696 1502 X.-Ad
712 1462 916 1502 Licinium.

182 1544 358 1582 REchs
377 1543 490 1587 vives,
512 1542 647 1587 Licini,
668 1554 791 1591 neque
809 1541 927 1579 altum

183 1598 337 1647 Semper
355 1595 567 1646 urguendo,
588 1608 722 1644 neque,
743 1595 834 1632 dum
853 1593 1034 1644 procellas

185 1652 328 1690 Cautus
347 1650 540 1695 horrescis,
562 1649 719 1686 nimium
738 1648 944 1698 premendo

393 1703 549 1741 Littus'
539 1703 723 1752 iniquum.

185 1759 350 1796 Auream
369 1756 536 1806 quisquis
554 1756 853 1794 mediocritatem

186 1812 334 1860 Diligit,
355 1816 462 1849 tutus
489 1815 592 1848 caret
606 1809 764 1847 obsoleti

185 1866 367 1904 Sordibus
386 1863 489 1909 tecti,
511 1868 614 1901 caret
633 1861 838 1900 invidenda

394 1917 547 1955 Sobrius
567 1917 663 1954 aula.

186 1972 341 2021 Saepius
360 1971 482 2010 ventis
501 1971 668 2019 agitatur
686 1970 821 2020 ingens

185 2025 302 2062 Pinus
321 2039 331 2071 3
360 2029 398 2063 et
417 2025 537 2062 celsae
548 2024 715 2072 graviore
733 2036 822 2061 casu

184 2078 378 2117 Decidunt
396 2083 518 2116 turres
534 2091 543 2122 ;
573 2077 789 2127 feriuntque
808 2089 971 2115 summos

394 2131 562 2180 Fulgura
581 2138 738 2169 montes.

185 2185 318 2234 Sperat
335 2185 492 2230 infestis,
512 2185 648 2223 metuit
667 2184 851 2230 secundis,

183 2238 356 2278 Alteram
375 2243 515 2277 sortem
529 2239 625 2276 bene
642 2242 907 2288 praeparatum

183 2292 333 2332 Pectus.
389 2292 573 2330 Informes
591 2291 732 2329 hiemes
750 2291 899 2330 reducit

397 2346 423 2384 J
427 2346 576 2395 upiter3
603 2345 705 2383 idem

184 2400 401 2438 Submovet.
456 2399 561 2446 Non,
577 2398 610 2437 si
627 2399 724 2436 male
740 2410 855 2446 nunc,
876 2402 914 2436 et
933 2397 1022 2436 olim

188 2455 249 2494 Sic
269 2454 364 2493 erit:
395 2453 584 2502 quondam
604 2453 748 2492 cithara
766 2457 952 2492 tacentem

1201 190 1253 227 33

1210 621 1260 656 10

1210 885 1258 923 15

1210 1153 1262 1190 20

1210 2018 1261 2056 10

1212 2285 1260 2324 15
