1414 2666
170 159 220 196 42
561 173 597 200 Ρ.
627 172 752 200 ov11>11
775 171 938 199 NASONIS
1250 161 1345 213 [mn.

184 268 324 306 Brutus
339 274 418 307 erat
432 268 536 307 stulti
555 269 699 319 sapiens
716 269 892 315 imitator,
907 272 951 306 ut
969 272 1064 307 esset

239 322 359 360 Tutus
378 322 424 359 ab
438 322 592 368 insidiis,
612 323 692 361 dire
712 323 892 373 Superbe,
910 321 998 360 tuis.

186 374 264 418 Ille,
279 375 407 424 jacens
424 388 574 426 pronus»,
595 377 705 415 matri
723 377 827 415 dedit
846 376 972 414 oscula
989 380 1111 423 terrae,

240 428 414 467 Creditus
433 430 573 467 offenso
590 431 830 480 procubuisse
848 430 954 480 pede.
1274 432 1351 471 720

188 482 359 531 Cingitur
373 483 515 521 interea
534 483 714 522 Romanis
733 485 860 522 Ardea
878 483 1004 534 signis,

239 535 290 574 Et
308 537 450 585 patitur
467 537 587 576 lentas
605 537 798 576 obsidione
815 550 951 575 moras.

186 589 289 626 Dum
306 596 424 636 vacat,
441 597 479 629 et
496 597 670 630 metuunt
688 592 812 630 hostes
831 590 1064 630 committere
1077 603 1240 641 pugnam
1261 605 1271 637 ;

236 642 399 682 Luditur
416 645 456 681 in
475 646 602 684 castris
621 659 630 684 ι
660 646 735 684 otia
753 645 858 682 miles
877 645 970 694 agit.

185 696 410 746 Tarquinius
422 698 572 747 juvenis
590 700 707 737 socios
726 699 958 749 dapibusque
975 710 1150 746 meroque
1274 700 1350 754 725

236 751 397 801 Accipit,
413 759 525 802 atque
542 753 615 790 illis
633 766 722 802 rege
741 757 887 790 creatus
906 752 959 790 ait
974 766 983 790 ε

178 803 281 841 Dum
301 817 368 843 nos
387 806 547 843 difficilis
565 807 674 856 pigro
709 812 813 844 tenet
833 805 962 843 Ardea
979 805 1089 852 bello,

237 858 317 896 Neo
337 859 424 897 sinit
443 860 491 896 ad
505 860 645 909 patrios
665 873 765 897 arma
785 859 923 897 referre
942 859 1032 897 deos
1052 873 1062 904 3

185 911 332 961 Ecquid
351 912 390 949 in
405 913 525 950 officio
539 919 643 951 torus
663 920 717 951 est
737 913 880 951 socialis
899 913 919 951 ἶ)
947 920 986 951 et
1005 914 1137 962 ecquid
1196 961 1201 968 .

235 965 467 1016 Coujugibus
485 967 622 1006 nostris
640 974 770 1005 mutua
784 979 872 1004 eura
886 979 1012 1004 sumus
1030 966 1051 1004 Ρ
1274 966 1351 1006 730

183 1018 350 1069 Quisque
368 1032 471 1057 suam
489 1021 645 1060 laudant
666 1035 674 1059 :
704 1021 836 1059 studiis
854 1020 1054 1059 certamina
1072 1027 1255 1066 creseunt,

235 1073 285 1111 Et
301 1073 447 1112 fervent
465 1075 584 1113 multo
602 1076 805 1124 linguaque
823 1087 961 1124 corque
978 1087 1092 1112 mero.

182 1127 322 1175 Surgit,
343 1128 403 1165 cui
423 1128 563 1166 clarum
584 1129 741 1167 dederat
761 1128 922 1166 Collatia
939 1141 1075 1166 nomen
1095 1141 1104 1173 ;

234 1181 321 1218 Non
341 1194 433 1231 opus
453 1188 509 1220 est
528 1184 661 1227 verbis,
682 1183 824 1220 credite
843 1183 965 1228 rebus,
986 1183 1050 1220 ait.

180 1234 267 1271 Nox
287 1243 454 1284 superest
471 1250 478 1273 :
507 1237 682 1274 tollamur
701 1237 817 1286 equis,
840 1236 1055 1285 Urbemque
1073 1242 1255 1286 petamus.
1273 1235 1350 1273 735

229 1287 343 1326 Dicta
360 1289 510 1338 placent
529 1304 537 1334 ;
567 1291 681 1327 frenis
699 1290 955 1339 impediuntur
973 1289 1070 1339 equi.

177 1341 414 1380 Pertulerant
433 1343 612 1381 dominos.
669 1343 829 1392 Regalia
846 1344 1016 1393 protinus
1033 1343 1088 1380 illi

230 1395 346 1434 Tecta
363 1403 497 1444 petunt
516 1411 524 1441 ;
556 1403 682 1435 custos
703 1398 742 1433 in
760 1398 842 1434 fore
859 1397 985 1434 nullus
1004 1402 1096 1435 erat.

179 1447 278 1486 Ecce
297 1462 429 1487 nurum
449 1451 547 1500 regis
564 1451 654 1488 fusis
672 1464 739 1500 per
758 1451 853 1488 colla
871 1451 1017 1488 coronis

230 1503 431 1542 Inveniunt
450 1505 570 1554 posito
590 1504 812 1554 pervigilare
830 1517 945 1542 mero.
1271 1504 1349 1542 740

176 1556 269 1594 Inde
288 1557 362 1595 cito
380 1571 489 1607 passu
508 1559 648 1608 petitur
667 1558 854 1597 Lucretia.
910 1559 1036 1596 Nebat
1056 1572 1064 1596 :

229 1611 330 1648 Ante
350 1618 474 1649 torum
493 1612 628 1650 calathi
647 1612 806 1662 lanaque
820 1612 940 1650 mollis
959 1619 1078 1650 erant.

174 1661 321 1701 Lumen
342 1666 388 1702 ad
408 1666 584 1715 exiguum
604 1666 749 1703 famulae
767 1667 856 1704 data
872 1679 987 1716 pensa
1005 1666 1203 1704 trahebant
1218 1668 1234 1710 ;’

230 1717 333 1756 Inter
350 1731 440 1768 quas
458 1720 563 1758 tenui
582 1720 633 1757 sic
653 1720 705 1758 ait
723 1721 803 1770 ipsa
819 1732 911 1758 sono
931 1733 939 1758 ε

178 1770 367 1810 Mittenda
385 1779 441 1811 est
460 1774 611 1811 domino
628 1772 859 1824 (nunc‚nuno
875 1779 1081 1824 properate,
1101 1772 1251 1824 puellae)
1273 1772 1349 1813 745

231 1826 513 1876 Quamprimum
529 1834 657 1865 nostra
675 1829 773 1866 facta
790 1828 939 1865 lacerna
957 1838 1081 1866 manu.

177 1879 279 1923 Quid
297 1885 425 1918 tamen
444 1882 599 1918 audistis
619 1881 638 1918 ?
665 1894 751 1919 nam
770 1881 879 1930 plura
897 1881 1027 1919 audire
1046 1882 1171 1920 soletis
1187 1895 1195 1918 :

229 1932 422 1978 Quantum
442 1935 489 1972 de
507 1935 606 1972 bello
626 1935 764 1973 dicitur
782 1947 860 1972 esse
879 1934 1029 1986 super?

179 1985 382 2025 Postmodo
401 1989 498 2026 victa
513 1989 622 2026 cades
643 2002 650 2026 :
680 1989 904 2035 melioribus,
925 1989 1064 2035 Ardea,
1082 1994 1210 2035 restas,

229 2040 413 2090 improba,
434 2054 516 2091 quae
537 2049 684 2080 nostros
704 2043 806 2092 cogis
821 2043 948 2080 abesse
966 2043 1092 2080 viros!
1270 2042 1293 2081 7
1296 2042 1347 2080 50

178 2094 261 2132 Sint
279 2100 426 2133 tantum
444 2096 610 2133 reduces.
667 2096 742 2134 Sed
761 2096 859 2133 enim
877 2097 1096 2135 temerarius
1114 2095 1179 2134 ille

230 2147 299 2186 Est
316 2161 430 2195 meus,
452 2156 489 2188 et
507 2150 636 2188 stricto
655 2150 821 2199 quolibet
839 2163 926 2188 ense
943 2150 1030 2188 ruit.

178 2201 286 2239 Mens
305 2203 396 2248 abit,
417 2208 455 2242 et
473 2204 623 2248 morior,
645 2204 789 2252 quoties
807 2204 1011 2254 pugnantis
1029 2203 1153 2252 imago

229 2255 292 2292 Me
312 2257 435 2295 subit:
465 2264 502 2295 et
520 2258 687 2307 gelidum
706 2263 857 2308 pectora
873 2258 991 2307 frigus
1008 2257 1135 2295 habet.

176 2308 326 2347 Desinit
344 2311 383 2347 in
402 2311 594 2361 lacrymas,
613 2312 831 2361 intentaque
847 2311 910 2348 fila
928 2311 1096 2356 remittit,
1268 2308 1343 2349 755

230 2362 272 2398 In
293 2365 435 2411 gremio
454 2366 599 2403 vultum
619 2366 864 2415 deposuitque
882 2377 1003 2402 suum.

181 2414 267 2453 Hoc
282 2416 401 2466 ipsum
420 2419 546 2458 decuit
565 2431 575 2456 z
604 2420 775 2469 lacrymae
795 2419 954 2457 decuere
970 2418 1141 2469 pudicam
1162 2429 1170 2453 τ

1319 1986 1327 2005 l
