<?xml version="1.0" encoding="UTF-8"?>
<!DOCTYPE html PUBLIC "-//W3C//DTD XHTML 1.0 Transitional//EN"
    "http://www.w3.org/TR/xhtml1/DTD/xhtml1-transitional.dtd">
<html xmlns="http://www.w3.org/1999/xhtml" xml:lang="en" lang="en">
 <head>
  <title>
</title>
<meta http-equiv="Content-Type" content="text/html;charset=utf-8" />
  <meta name='ocr-system' content='tesseract 3.04.00' />
  <meta name='ocr-capabilities' content='ocr_page ocr_carea ocr_par ocr_line ocrx_word'/>
</head>
<body>
  <div class='ocr_page' id='page_1' title='image "./curriculumlatinu02mont_0243.png"; bbox 0 0 1475 2712; ppageno 0'>
   <div class='ocr_carea' id='block_1_1' title="bbox 76 179 711 230">
    <p class='ocr_par' dir='ltr' id='par_1_1' title="bbox 76 179 711 230">
     <span class='ocr_line' id='line_1_1' title="bbox 76 179 711 230; baseline -0.009 -14"><span class='ocrx_word' id='word_1_1' title='bbox 76 179 138 230; x_wconf 65' lang='grc' dir='ltr'>ιι]</span> <span class='ocrx_word' id='word_1_2' title='bbox 591 184 711 211; x_wconf 67' lang='lat' dir='ltr'>usn.</span> 
     </span>
    </p>
   </div>
   <div class='ocr_carea' id='block_1_2' title="bbox 79 277 1059 1347">
    <p class='ocr_par' dir='ltr' id='par_1_2' title="bbox 79 277 1059 1023">
     <span class='ocr_line' id='line_1_2' title="bbox 82 277 1037 330; baseline -0.012 -7"><span class='ocrx_word' id='word_1_3' title='bbox 82 285 206 323; x_wconf 88' lang='lat' dir='ltr'>Testis</span> <span class='ocrx_word' id='word_1_4' title='bbox 226 284 296 322; x_wconf 88' lang='lat' dir='ltr'>erit</span> <span class='ocrx_word' id='word_1_5' title='bbox 317 283 467 327; x_wconf 84' lang='lat' dir='ltr'>Pholoe,</span> <span class='ocrx_word' id='word_1_6' title='bbox 485 286 598 320; x_wconf 85' lang='lat' dir='ltr'>testes</span> <span class='ocrx_word' id='word_1_7' title='bbox 618 277 894 330; x_wconf 79' lang='lat' dir='ltr'><strong>Stymphalides</strong></span> <span class='ocrx_word' id='word_1_8' title='bbox 914 277 1037 322; x_wconf 85' lang='lat' dir='ltr'>undae,</span> 
     </span>
     <span class='ocr_line' id='line_1_3' title="bbox 128 330 979 387; baseline -0.009 -12"><span class='ocrx_word' id='word_1_9' title='bbox 128 338 277 387; x_wconf 83' lang='lat' dir='ltr'>Quique</span> <span class='ocrx_word' id='word_1_10' title='bbox 295 338 377 375; x_wconf 85' lang='lat' dir='ltr'>citis</span> <span class='ocrx_word' id='word_1_11' title='bbox 396 336 528 374; x_wconf 86' lang='lat' dir='ltr'>Ladon</span> <span class='ocrx_word' id='word_1_12' title='bbox 546 335 586 371; x_wconf 91' lang='lat' dir='ltr'>in</span> <span class='ocrx_word' id='word_1_13' title='bbox 605 345 707 370; x_wconf 83' lang='lat' dir='ltr'>mare</span> <span class='ocrx_word' id='word_1_14' title='bbox 726 332 843 370; x_wconf 85' lang='lat' dir='ltr'>currit</span> <span class='ocrx_word' id='word_1_15' title='bbox 863 330 979 379; x_wconf 86' lang='lat' dir='ltr'>aquis,</span> 
     </span>
     <span class='ocr_line' id='line_1_4' title="bbox 79 384 950 441; baseline -0.01 -12"><span class='ocrx_word' id='word_1_16' title='bbox 79 392 284 441; x_wconf 78' lang='lat' dir='ltr'>Cinctaque</span> <span class='ocrx_word' id='word_1_17' title='bbox 303 391 437 440; x_wconf 85' lang='lat' dir='ltr'>pinetis</span> <span class='ocrx_word' id='word_1_18' title='bbox 455 388 612 426; x_wconf 87' lang='lat' dir='ltr'>nemoris</span> <span class='ocrx_word' id='word_1_19' title='bbox 625 387 718 436; x_wconf 86' lang='lat' dir='ltr'>juga</span> <span class='ocrx_word' id='word_1_20' title='bbox 735 384 950 429; x_wconf 87' lang='lat' dir='ltr'>Nonacrini,</span> 
     </span>
     <span class='ocr_line' id='line_1_5' title="bbox 130 440 899 494; baseline -0.01 -12"><span class='ocrx_word' id='word_1_21' title='bbox 130 445 291 494; x_wconf 83' lang='lat' dir='ltr'>Altaque</span> <span class='ocrx_word' id='word_1_22' title='bbox 307 444 471 493; x_wconf 87' lang='lat' dir='ltr'>Cyllene,</span> <span class='ocrx_word' id='word_1_23' title='bbox 493 441 770 488; x_wconf 65' lang='lat' dir='ltr'>Parrhasiaeque</span> <span class='ocrx_word' id='word_1_24' title='bbox 783 440 899 476; x_wconf 87' lang='lat' dir='ltr'>nives.</span> 
     </span>
     <span class='ocr_line' id='line_1_6' title="bbox 84 494 1056 540; baseline -0.009 -4"><span class='ocrx_word' id='word_1_25' title='bbox 84 499 161 536; x_wconf 87' lang='lat' dir='ltr'>Pan</span> <span class='ocrx_word' id='word_1_26' title='bbox 176 503 255 536; x_wconf 87' lang='lat' dir='ltr'>erat</span> <span class='ocrx_word' id='word_1_27' title='bbox 275 497 431 535; x_wconf 80' lang='lat' dir='ltr'>armenti</span> <span class='ocrx_word' id='word_1_28' title='bbox 450 501 585 539; x_wconf 82' lang='lat' dir='ltr'>custos,</span> <span class='ocrx_word' id='word_1_29' title='bbox 602 494 681 531; x_wconf 90' lang='lat' dir='ltr'>Pan</span> <span class='ocrx_word' id='word_1_30' title='bbox 696 505 833 530; x_wconf 90' lang='lat' dir='ltr'>numen</span> <span class='ocrx_word' id='word_1_31' title='bbox 852 504 1027 540; x_wconf 89' lang='lat' dir='ltr'>equarum</span> <span class='ocrx_word' id='word_1_32' title='bbox 1048 504 1056 527; x_wconf 74' lang='grc' dir='ltr'>ε</span> 
     </span>
     <span class='ocr_line' id='line_1_7' title="bbox 134 547 913 589; baseline -0.009 0"><span class='ocrx_word' id='word_1_33' title='bbox 134 552 272 589; x_wconf 84' lang='lat' dir='ltr'>Munus</span> <span class='ocrx_word' id='word_1_34' title='bbox 292 551 339 587; x_wconf 94' lang='lat' dir='ltr'>ob</span> <span class='ocrx_word' id='word_1_35' title='bbox 358 549 559 586; x_wconf 84' lang='lat' dir='ltr'>incolumes</span> <span class='ocrx_word' id='word_1_36' title='bbox 576 547 640 584; x_wconf 90' lang='lat' dir='ltr'>ille</span> <span class='ocrx_word' id='word_1_37' title='bbox 653 547 796 584; x_wconf 89' lang='lat' dir='ltr'>ferebat</span> <span class='ocrx_word' id='word_1_38' title='bbox 815 558 913 583; x_wconf 89' lang='lat' dir='ltr'>oves.</span> 
     </span>
     <span class='ocr_line' id='line_1_8' title="bbox 81 600 1015 652; baseline -0.007 -10"><span class='ocrx_word' id='word_1_39' title='bbox 81 605 288 642; x_wconf 86' lang='lat' dir='ltr'>Transtulit</span> <span class='ocrx_word' id='word_1_40' title='bbox 308 603 480 640; x_wconf 85' lang='lat' dir='ltr'>Evander</span> <span class='ocrx_word' id='word_1_41' title='bbox 498 601 691 652; x_wconf 80' lang='lat' dir='ltr'>sylvestria</span> <span class='ocrx_word' id='word_1_42' title='bbox 709 600 861 637; x_wconf 86' lang='lat' dir='ltr'>numina</span> <span class='ocrx_word' id='word_1_43' title='bbox 879 611 1015 636; x_wconf 86' lang='lat' dir='ltr'>secum.</span> 
     </span>
     <span class='ocr_line' id='line_1_9' title="bbox 136 652 1059 702; baseline -0.005 -7"><span class='ocrx_word' id='word_1_44' title='bbox 136 658 219 702; x_wconf 87' lang='lat' dir='ltr'>Hic,</span> <span class='ocrx_word' id='word_1_45' title='bbox 241 657 305 695; x_wconf 90' lang='lat' dir='ltr'>ubi</span> <span class='ocrx_word' id='word_1_46' title='bbox 323 669 422 693; x_wconf 88' lang='lat' dir='ltr'>nunc</span> <span class='ocrx_word' id='word_1_47' title='bbox 440 656 527 693; x_wconf 86' lang='lat' dir='ltr'>urbs</span> <span class='ocrx_word' id='word_1_48' title='bbox 546 660 612 699; x_wconf 85' lang='lat' dir='ltr'>est,</span> <span class='ocrx_word' id='word_1_49' title='bbox 634 659 713 691; x_wconf 89' lang='lat' dir='ltr'>tum</span> <span class='ocrx_word' id='word_1_50' title='bbox 733 654 834 690; x_wconf 90' lang='lat' dir='ltr'>locus</span> <span class='ocrx_word' id='word_1_51' title='bbox 853 652 955 689; x_wconf 85' lang='lat' dir='ltr'>urbis</span> <span class='ocrx_word' id='word_1_52' title='bbox 969 659 1059 690; x_wconf 86' lang='lat' dir='ltr'>erat.</span> 
     </span>
     <span class='ocr_line' id='line_1_10' title="bbox 83 705 1048 756; baseline -0.005 -7"><span class='ocrx_word' id='word_1_53' title='bbox 83 712 175 749; x_wconf 89' lang='lat' dir='ltr'>Inde</span> <span class='ocrx_word' id='word_1_54' title='bbox 194 711 302 748; x_wconf 89' lang='lat' dir='ltr'>deum</span> <span class='ocrx_word' id='word_1_55' title='bbox 320 710 482 755; x_wconf 86' lang='lat' dir='ltr'>colimus,</span> <span class='ocrx_word' id='word_1_56' title='bbox 504 709 729 756; x_wconf 79' lang='lat' dir='ltr'>devectaque</span> <span class='ocrx_word' id='word_1_57' title='bbox 749 719 851 743; x_wconf 86' lang='lat' dir='ltr'>sacra</span> <span class='ocrx_word' id='word_1_58' title='bbox 871 705 1048 755; x_wconf 85' lang='lat' dir='ltr'>Pelasgis.</span> 
     </span>
     <span class='ocr_line' id='line_1_11' title="bbox 136 760 963 812; baseline -0.006 -11"><span class='ocrx_word' id='word_1_59' title='bbox 136 764 289 801; x_wconf 86' lang='lat' dir='ltr'>Flamen</span> <span class='ocrx_word' id='word_1_60' title='bbox 308 764 356 801; x_wconf 87' lang='lat' dir='ltr'>ad</span> <span class='ocrx_word' id='word_1_61' title='bbox 374 764 451 801; x_wconf 82' lang='lat' dir='ltr'>haec</span> <span class='ocrx_word' id='word_1_62' title='bbox 472 763 592 812; x_wconf 85' lang='lat' dir='ltr'>prisco</span> <span class='ocrx_word' id='word_1_63' title='bbox 610 774 711 798; x_wconf 86' lang='lat' dir='ltr'>more</span> <span class='ocrx_word' id='word_1_64' title='bbox 731 760 850 797; x_wconf 84' lang='lat' dir='ltr'>Dialis</span> <span class='ocrx_word' id='word_1_65' title='bbox 869 764 963 797; x_wconf 86' lang='lat' dir='ltr'>erat.</span> 
     </span>
     <span class='ocr_line' id='line_1_12' title="bbox 80 813 1031 867; baseline -0.005 -12"><span class='ocrx_word' id='word_1_66' title='bbox 80 819 157 855; x_wconf 89' lang='lat' dir='ltr'>Cur</span> <span class='ocrx_word' id='word_1_67' title='bbox 171 818 286 867; x_wconf 85' lang='lat' dir='ltr'>igitur</span> <span class='ocrx_word' id='word_1_68' title='bbox 300 823 460 862; x_wconf 87' lang='lat' dir='ltr'>currant,</span> <span class='ocrx_word' id='word_1_69' title='bbox 481 822 516 853; x_wconf 90' lang='lat' dir='ltr'>et</span> <span class='ocrx_word' id='word_1_70' title='bbox 532 828 598 853; x_wconf 90' lang='lat' dir='ltr'>cur</span> <span class='ocrx_word' id='word_1_71' title='bbox 619 814 686 865; x_wconf 87' lang='lat' dir='ltr'>(sic</span> <span class='ocrx_word' id='word_1_72' title='bbox 700 826 848 852; x_wconf 88' lang='lat' dir='ltr'>currere</span> <span class='ocrx_word' id='word_1_73' title='bbox 867 826 945 850; x_wconf 89' lang='lat' dir='ltr'>mos</span> <span class='ocrx_word' id='word_1_74' title='bbox 961 813 1031 864; x_wconf 82' lang='lat' dir='ltr'>est)</span> 
     </span>
     <span class='ocr_line' id='line_1_13' title="bbox 133 867 992 920; baseline -0.007 -11"><span class='ocrx_word' id='word_1_75' title='bbox 133 871 245 909; x_wconf 85' lang='lat' dir='ltr'>Nuda</span> <span class='ocrx_word' id='word_1_76' title='bbox 259 871 382 908; x_wconf 86' lang='lat' dir='ltr'>ferant</span> <span class='ocrx_word' id='word_1_77' title='bbox 401 870 520 920; x_wconf 86' lang='lat' dir='ltr'>posita</span> <span class='ocrx_word' id='word_1_78' title='bbox 539 882 694 918; x_wconf 87' lang='lat' dir='ltr'>corpora</span> <span class='ocrx_word' id='word_1_79' title='bbox 712 874 825 912; x_wconf 86' lang='lat' dir='ltr'>veste,</span> <span class='ocrx_word' id='word_1_80' title='bbox 845 878 955 915; x_wconf 85' lang='lat' dir='ltr'>rogas</span> <span class='ocrx_word' id='word_1_81' title='bbox 974 867 992 904; x_wconf 70' lang='lat'>:2</span> 
     </span>
     <span class='ocr_line' id='line_1_14' title="bbox 83 920 938 974; baseline -0.007 -12"><span class='ocrx_word' id='word_1_82' title='bbox 83 926 164 974; x_wconf 85' lang='lat' dir='ltr'>Ipse</span> <span class='ocrx_word' id='word_1_83' title='bbox 183 925 274 962; x_wconf 87' lang='lat' dir='ltr'>deus</span> <span class='ocrx_word' id='word_1_84' title='bbox 294 925 400 961; x_wconf 82' lang='lat' dir='ltr'>velox</span> <span class='ocrx_word' id='word_1_85' title='bbox 415 924 620 960; x_wconf 82' lang='lat' dir='ltr'>discurrere</span> <span class='ocrx_word' id='word_1_86' title='bbox 638 923 778 971; x_wconf 86' lang='lat' dir='ltr'>gaudet</span> <span class='ocrx_word' id='word_1_87' title='bbox 797 921 835 957; x_wconf 90' lang='lat' dir='ltr'>in</span> <span class='ocrx_word' id='word_1_88' title='bbox 855 920 938 958; x_wconf 81' lang='lat' dir='ltr'>altis</span> 
     </span>
     <span class='ocr_line' id='line_1_15' title="bbox 134 975 939 1023; baseline -0.006 -8"><span class='ocrx_word' id='word_1_89' title='bbox 134 978 337 1023; x_wconf 76' lang='lat' dir='ltr'>Montibus,</span> <span class='ocrx_word' id='word_1_90' title='bbox 359 983 396 1015; x_wconf 90' lang='lat' dir='ltr'>et</span> <span class='ocrx_word' id='word_1_91' title='bbox 416 977 556 1014; x_wconf 82' lang='lat' dir='ltr'>subitas</span> <span class='ocrx_word' id='word_1_92' title='bbox 575 976 738 1013; x_wconf 87' lang='lat' dir='ltr'>concitat</span> <span class='ocrx_word' id='word_1_93' title='bbox 753 975 815 1011; x_wconf 91' lang='lat' dir='ltr'>ille</span> <span class='ocrx_word' id='word_1_94' title='bbox 833 975 939 1011; x_wconf 87' lang='lat' dir='ltr'>feras.</span> 
     </span>
    </p>

    <p class='ocr_par' dir='ltr' id='par_1_3' title="bbox 84 1028 1034 1292">
     <span class='ocr_line' id='line_1_16' title="bbox 86 1028 976 1081; baseline -0.006 -12"><span class='ocrx_word' id='word_1_95' title='bbox 86 1033 167 1081; x_wconf 88' lang='lat' dir='ltr'>Ipse</span> <span class='ocrx_word' id='word_1_96' title='bbox 186 1032 276 1068; x_wconf 85' lang='lat' dir='ltr'>deus</span> <span class='ocrx_word' id='word_1_97' title='bbox 296 1031 417 1067; x_wconf 83' lang='lat' dir='ltr'>nudus</span> <span class='ocrx_word' id='word_1_98' title='bbox 437 1030 558 1067; x_wconf 90' lang='lat' dir='ltr'>nudos</span> <span class='ocrx_word' id='word_1_99' title='bbox 571 1030 681 1079; x_wconf 89' lang='lat' dir='ltr'>jubet</span> <span class='ocrx_word' id='word_1_100' title='bbox 696 1030 749 1066; x_wconf 84' lang='lat' dir='ltr'>ire</span> <span class='ocrx_word' id='word_1_101' title='bbox 765 1028 951 1065; x_wconf 80' lang='lat' dir='ltr'>ministros</span> <span class='ocrx_word' id='word_1_102' title='bbox 970 1042 976 1065; x_wconf 92' lang='lat'>:</span> 
     </span>
     <span class='ocr_line' id='line_1_17' title="bbox 136 1081 1007 1122; baseline -0.006 0"><span class='ocrx_word' id='word_1_103' title='bbox 136 1085 216 1122; x_wconf 89' lang='lat' dir='ltr'>Nec</span> <span class='ocrx_word' id='word_1_104' title='bbox 231 1085 319 1122; x_wconf 88' lang='lat' dir='ltr'>satis</span> <span class='ocrx_word' id='word_1_105' title='bbox 339 1084 385 1121; x_wconf 90' lang='lat' dir='ltr'>ad</span> <span class='ocrx_word' id='word_1_106' title='bbox 405 1097 553 1122; x_wconf 86' lang='lat' dir='ltr'>cursum</span> <span class='ocrx_word' id='word_1_107' title='bbox 574 1083 768 1120; x_wconf 87' lang='lat' dir='ltr'>commoda</span> <span class='ocrx_word' id='word_1_108' title='bbox 787 1081 898 1119; x_wconf 88' lang='lat' dir='ltr'>vestis</span> <span class='ocrx_word' id='word_1_109' title='bbox 917 1087 1007 1119; x_wconf 88' lang='lat' dir='ltr'>erat.</span> 
     </span>
     <span class='ocr_line' id='line_1_18' title="bbox 84 1136 1034 1186; baseline -0.005 -10"><span class='ocrx_word' id='word_1_110' title='bbox 84 1139 186 1176; x_wconf 89' lang='lat' dir='ltr'>Ante</span> <span class='ocrx_word' id='word_1_111' title='bbox 203 1138 229 1175; x_wconf 85' lang='lat' dir='ltr'>J</span> <span class='ocrx_word' id='word_1_112' title='bbox 232 1151 337 1175; x_wconf 88' lang='lat' dir='ltr'>ovem</span> <span class='ocrx_word' id='word_1_113' title='bbox 356 1138 525 1186; x_wconf 85' lang='lat' dir='ltr'>genitum</span> <span class='ocrx_word' id='word_1_114' title='bbox 544 1143 662 1175; x_wconf 88' lang='lat' dir='ltr'>terras</span> <span class='ocrx_word' id='word_1_115' title='bbox 680 1136 850 1173; x_wconf 75' lang='lat' dir='ltr'>habuisse</span> <span class='ocrx_word' id='word_1_116' title='bbox 865 1136 1034 1173; x_wconf 87' lang='lat' dir='ltr'>feruntur</span> 
     </span>
     <span class='ocr_line' id='line_1_19' title="bbox 139 1188 924 1239; baseline -0.006 -10"><span class='ocrx_word' id='word_1_117' title='bbox 139 1192 301 1229; x_wconf 77' lang='lat' dir='ltr'>Are-ades</span> <span class='ocrx_word' id='word_1_118' title='bbox 318 1205 326 1228; x_wconf 77' lang='grc' dir='ltr'>ε</span> <span class='ocrx_word' id='word_1_119' title='bbox 356 1197 394 1228; x_wconf 89' lang='lat' dir='ltr'>et</span> <span class='ocrx_word' id='word_1_120' title='bbox 409 1191 517 1228; x_wconf 83' lang='lat' dir='ltr'>Luna</span> <span class='ocrx_word' id='word_1_121' title='bbox 536 1203 627 1239; x_wconf 85' lang='lat' dir='ltr'>gens</span> <span class='ocrx_word' id='word_1_122' title='bbox 647 1190 746 1239; x_wconf 88' lang='lat' dir='ltr'>prior</span> <span class='ocrx_word' id='word_1_123' title='bbox 764 1189 826 1226; x_wconf 88' lang='lat' dir='ltr'>illa</span> <span class='ocrx_word' id='word_1_124' title='bbox 840 1188 924 1226; x_wconf 84' lang='lat' dir='ltr'>fuit.</span> 
     </span>
     <span class='ocr_line' id='line_1_20' title="bbox 85 1244 966 1292; baseline -0.005 -9"><span class='ocrx_word' id='word_1_125' title='bbox 85 1247 175 1283; x_wconf 81' lang='lat' dir='ltr'>Vita</span> <span class='ocrx_word' id='word_1_126' title='bbox 193 1245 279 1282; x_wconf 81' lang='lat' dir='ltr'>ferae</span> <span class='ocrx_word' id='word_1_127' title='bbox 301 1245 438 1289; x_wconf 87' lang='lat' dir='ltr'>similis,</span> <span class='ocrx_word' id='word_1_128' title='bbox 461 1244 584 1281; x_wconf 85' lang='lat' dir='ltr'>nullos</span> <span class='ocrx_word' id='word_1_129' title='bbox 604 1244 745 1292; x_wconf 85' lang='lat' dir='ltr'>agitata</span> <span class='ocrx_word' id='word_1_130' title='bbox 764 1255 830 1292; x_wconf 87' lang='lat' dir='ltr'>per</span> <span class='ocrx_word' id='word_1_131' title='bbox 849 1254 937 1280; x_wconf 88' lang='lat' dir='ltr'>usus</span> <span class='ocrx_word' id='word_1_132' title='bbox 959 1256 966 1279; x_wconf 92' lang='lat'>:</span> 
     </span>
    </p>

    <p class='ocr_par' dir='ltr' id='par_1_4' title="bbox 139 1296 974 1347">
     <span class='ocr_line' id='line_1_21' title="bbox 139 1296 974 1347; baseline -0.004 -12"><span class='ocrx_word' id='word_1_133' title='bbox 139 1299 241 1336; x_wconf 89' lang='lat' dir='ltr'>Artis</span> <span class='ocrx_word' id='word_1_134' title='bbox 260 1298 380 1335; x_wconf 81' lang='lat' dir='ltr'>adhue</span> <span class='ocrx_word' id='word_1_135' title='bbox 400 1311 542 1347; x_wconf 82' lang='lat' dir='ltr'>expers,</span> <span class='ocrx_word' id='word_1_136' title='bbox 563 1302 600 1334; x_wconf 89' lang='lat' dir='ltr'>et</span> <span class='ocrx_word' id='word_1_137' title='bbox 619 1297 713 1334; x_wconf 89' lang='lat' dir='ltr'>rude</span> <span class='ocrx_word' id='word_1_138' title='bbox 731 1296 864 1344; x_wconf 86' lang='lat' dir='ltr'>vulgus</span> <span class='ocrx_word' id='word_1_139' title='bbox 884 1303 974 1334; x_wconf 84' lang='lat' dir='ltr'>erat.</span> 
     </span>
    </p>
   </div>
   <div class='ocr_carea' id='block_1_3' title="bbox 90 1350 1126 1399">
    <p class='ocr_par' dir='ltr' id='par_1_5' title="bbox 90 1350 1126 1399">
     <span class='ocr_line' id='line_1_22' title="bbox 90 1350 1126 1399; baseline -0.002 -10"><span class='ocrx_word' id='word_1_140' title='bbox 90 1353 158 1390; x_wconf 84' lang='lat' dir='ltr'>Pro</span> <span class='ocrx_word' id='word_1_141' title='bbox 178 1352 345 1389; x_wconf 83' lang='lat' dir='ltr'>domibus</span> <span class='ocrx_word' id='word_1_142' title='bbox 359 1351 509 1388; x_wconf 86' lang='lat' dir='ltr'>frondes</span> <span class='ocrx_word' id='word_1_143' title='bbox 528 1355 674 1396; x_wconf 87' lang='lat' dir='ltr'>norant,</span> <span class='ocrx_word' id='word_1_144' title='bbox 695 1363 762 1399; x_wconf 88' lang='lat' dir='ltr'>pro</span> <span class='ocrx_word' id='word_1_145' title='bbox 780 1350 948 1398; x_wconf 79' lang='lat' dir='ltr'>frugibus</span> <span class='ocrx_word' id='word_1_146' title='bbox 967 1350 1098 1387; x_wconf 84' lang='lat' dir='ltr'>herbas</span> <span class='ocrx_word' id='word_1_147' title='bbox 1118 1366 1126 1387; x_wconf 91' lang='lat'>:</span> 
     </span>
    </p>
   </div>
   <div class='ocr_carea' id='block_1_4' title="bbox 91 1404 1121 2470">
    <p class='ocr_par' dir='ltr' id='par_1_6' title="bbox 141 1404 954 1454">
     <span class='ocr_line' id='line_1_23' title="bbox 141 1404 954 1454; baseline -0.006 -11"><span class='ocrx_word' id='word_1_148' title='bbox 141 1406 279 1443; x_wconf 80' lang='lat' dir='ltr'>Nectar</span> <span class='ocrx_word' id='word_1_149' title='bbox 293 1411 373 1442; x_wconf 88' lang='lat' dir='ltr'>erat</span> <span class='ocrx_word' id='word_1_150' title='bbox 391 1405 522 1454; x_wconf 85' lang='lat' dir='ltr'>palmis</span> <span class='ocrx_word' id='word_1_151' title='bbox 540 1405 672 1442; x_wconf 87' lang='lat' dir='ltr'>hausta</span> <span class='ocrx_word' id='word_1_152' title='bbox 686 1404 830 1441; x_wconf 87' lang='lat' dir='ltr'>duabus</span> <span class='ocrx_word' id='word_1_153' title='bbox 849 1415 954 1451; x_wconf 84' lang='lat' dir='ltr'>aqua.</span> 
     </span>
    </p>

    <p class='ocr_par' dir='ltr' id='par_1_7' title="bbox 91 1458 1030 1561">
     <span class='ocr_line' id='line_1_24' title="bbox 91 1458 1030 1496; baseline -0.003 0"><span class='ocrx_word' id='word_1_154' title='bbox 91 1459 226 1496; x_wconf 83' lang='lat' dir='ltr'>Nullus</span> <span class='ocrx_word' id='word_1_155' title='bbox 245 1459 440 1496; x_wconf 84' lang='lat' dir='ltr'>anhelabat</span> <span class='ocrx_word' id='word_1_156' title='bbox 455 1459 524 1495; x_wconf 89' lang='lat' dir='ltr'>sub</span> <span class='ocrx_word' id='word_1_157' title='bbox 543 1458 688 1495; x_wconf 87' lang='lat' dir='ltr'>adunco</span> <span class='ocrx_word' id='word_1_158' title='bbox 706 1469 855 1494; x_wconf 86' lang='lat' dir='ltr'>vomere</span> <span class='ocrx_word' id='word_1_159' title='bbox 874 1464 1003 1494; x_wconf 87' lang='lat' dir='ltr'>taurus</span> <span class='ocrx_word' id='word_1_160' title='bbox 1022 1469 1030 1493; x_wconf 92' lang='lat'>:</span> 
     </span>
     <span class='ocr_line' id='line_1_25' title="bbox 143 1511 929 1561; baseline -0.001 -12"><span class='ocrx_word' id='word_1_161' title='bbox 143 1512 257 1549; x_wconf 86' lang='lat' dir='ltr'>Nulla</span> <span class='ocrx_word' id='word_1_162' title='bbox 275 1513 343 1553; x_wconf 83' lang='lat' dir='ltr'>sub</span> <span class='ocrx_word' id='word_1_163' title='bbox 362 1512 515 1561; x_wconf 88' lang='lat' dir='ltr'>imperio</span> <span class='ocrx_word' id='word_1_164' title='bbox 534 1518 634 1548; x_wconf 88' lang='lat' dir='ltr'>terra</span> <span class='ocrx_word' id='word_1_165' title='bbox 648 1511 801 1549; x_wconf 88' lang='lat' dir='ltr'>colentis</span> <span class='ocrx_word' id='word_1_166' title='bbox 821 1516 900 1548; x_wconf 83' lang='lat' dir='ltr'>erat</span> <span class='ocrx_word' id='word_1_167' title='bbox 920 1524 929 1548; x_wconf 73' lang='grc' dir='ltr'><strong>ε</strong></span> 
     </span>
    </p>

    <p class='ocr_par' dir='ltr' id='par_1_8' title="bbox 92 1564 1111 1668">
     <span class='ocr_line' id='line_1_26' title="bbox 92 1564 1111 1613; baseline -0.001 -10"><span class='ocrx_word' id='word_1_168' title='bbox 92 1565 226 1603; x_wconf 88' lang='lat' dir='ltr'>Nullus</span> <span class='ocrx_word' id='word_1_169' title='bbox 245 1566 365 1603; x_wconf 86' lang='lat' dir='ltr'>adhuc</span> <span class='ocrx_word' id='word_1_170' title='bbox 386 1571 464 1603; x_wconf 87' lang='lat' dir='ltr'>erat</span> <span class='ocrx_word' id='word_1_171' title='bbox 483 1579 569 1602; x_wconf 87' lang='lat' dir='ltr'>usus</span> <span class='ocrx_word' id='word_1_172' title='bbox 589 1565 671 1613; x_wconf 90' lang='lat' dir='ltr'>equi</span> <span class='ocrx_word' id='word_1_173' title='bbox 692 1578 701 1602; x_wconf 73' lang='grc' dir='ltr'>ε</span> <span class='ocrx_word' id='word_1_174' title='bbox 732 1577 770 1602; x_wconf 87' lang='lat' dir='ltr'>se</span> <span class='ocrx_word' id='word_1_175' title='bbox 789 1564 941 1613; x_wconf 90' lang='lat' dir='ltr'>quisque</span> <span class='ocrx_word' id='word_1_176' title='bbox 959 1564 1111 1602; x_wconf 85' lang='lat' dir='ltr'>ferebat.</span> 
     </span>
     <span class='ocr_line' id='line_1_27' title="bbox 147 1619 814 1668; baseline -0.003 -12"><span class='ocrx_word' id='word_1_177' title='bbox 147 1620 230 1657; x_wconf 90' lang='lat' dir='ltr'>Ibat</span> <span class='ocrx_word' id='word_1_178' title='bbox 244 1619 321 1656; x_wconf 84' lang='lat' dir='ltr'>ovis</span> <span class='ocrx_word' id='word_1_179' title='bbox 340 1619 425 1655; x_wconf 80' lang='lat' dir='ltr'>lana</span> <span class='ocrx_word' id='word_1_180' title='bbox 440 1631 567 1668; x_wconf 84' lang='lat' dir='ltr'>corpus</span> <span class='ocrx_word' id='word_1_181' title='bbox 586 1619 719 1656; x_wconf 86' lang='lat' dir='ltr'>amicta</span> <span class='ocrx_word' id='word_1_182' title='bbox 739 1631 814 1655; x_wconf 85' lang='lat' dir='ltr'>sua.</span> 
     </span>
    </p>

    <p class='ocr_par' dir='ltr' id='par_1_9' title="bbox 97 1671 1060 1775">
     <span class='ocr_line' id='line_1_28' title="bbox 97 1671 1060 1721; baseline -0.001 -11"><span class='ocrx_word' id='word_1_183' title='bbox 97 1673 174 1710; x_wconf 92' lang='lat' dir='ltr'>Sub</span> <span class='ocrx_word' id='word_1_184' title='bbox 192 1673 288 1710; x_wconf 84' lang='lat' dir='ltr'>Jove</span> <span class='ocrx_word' id='word_1_185' title='bbox 305 1673 500 1716; x_wconf 87' lang='lat' dir='ltr'>durabant,</span> <span class='ocrx_word' id='word_1_186' title='bbox 522 1678 559 1710; x_wconf 86' lang='lat' dir='ltr'>et</span> <span class='ocrx_word' id='word_1_187' title='bbox 578 1685 732 1721; x_wconf 84' lang='lat' dir='ltr'>corpora</span> <span class='ocrx_word' id='word_1_188' title='bbox 751 1672 852 1709; x_wconf 91' lang='lat' dir='ltr'>nuda</span> <span class='ocrx_word' id='word_1_189' title='bbox 868 1671 1060 1720; x_wconf 84' lang='lat' dir='ltr'>gerebant,</span> 
     </span>
     <span class='ocr_line' id='line_1_29' title="bbox 150 1725 956 1775; baseline -0.004 -12"><span class='ocrx_word' id='word_1_190' title='bbox 150 1727 274 1764; x_wconf 88' lang='lat' dir='ltr'>Docta</span> <span class='ocrx_word' id='word_1_191' title='bbox 286 1739 418 1775; x_wconf 85' lang='lat' dir='ltr'>graves</span> <span class='ocrx_word' id='word_1_192' title='bbox 436 1727 571 1763; x_wconf 87' lang='lat' dir='ltr'>imbres</span> <span class='ocrx_word' id='word_1_193' title='bbox 590 1732 627 1764; x_wconf 88' lang='lat' dir='ltr'>et</span> <span class='ocrx_word' id='word_1_194' title='bbox 646 1726 803 1764; x_wconf 87' lang='lat' dir='ltr'>tolerare</span> <span class='ocrx_word' id='word_1_195' title='bbox 823 1725 956 1762; x_wconf 87' lang='lat' dir='ltr'>Notos.</span> 
     </span>
    </p>

    <p class='ocr_par' dir='ltr' id='par_1_10' title="bbox 99 1778 1121 1881">
     <span class='ocr_line' id='line_1_30' title="bbox 99 1778 1121 1829; baseline 0.002 -13"><span class='ocrx_word' id='word_1_196' title='bbox 99 1778 209 1817; x_wconf 83' lang='lat' dir='ltr'>Nunc</span> <span class='ocrx_word' id='word_1_197' title='bbox 228 1792 371 1829; x_wconf 92' lang='lat' dir='ltr'>quoque</span> <span class='ocrx_word' id='word_1_198' title='bbox 390 1779 527 1817; x_wconf 86' lang='lat' dir='ltr'>detecti</span> <span class='ocrx_word' id='word_1_199' title='bbox 545 1779 709 1817; x_wconf 87' lang='lat' dir='ltr'>referunt</span> <span class='ocrx_word' id='word_1_200' title='bbox 729 1785 970 1817; x_wconf 84' lang='lat' dir='ltr'>monumenta</span> <span class='ocrx_word' id='word_1_201' title='bbox 986 1780 1121 1818; x_wconf 85' lang='lat' dir='ltr'>vetusti</span> 
     </span>
     <span class='ocr_line' id='line_1_31' title="bbox 151 1833 901 1881; baseline -0.001 -11"><span class='ocrx_word' id='word_1_202' title='bbox 151 1833 276 1879; x_wconf 87' lang='lat' dir='ltr'>Moris,</span> <span class='ocrx_word' id='word_1_203' title='bbox 298 1841 335 1871; x_wconf 87' lang='lat' dir='ltr'>et</span> <span class='ocrx_word' id='word_1_204' title='bbox 352 1833 520 1881; x_wconf 79' lang='lat' dir='ltr'>antiquas</span> <span class='ocrx_word' id='word_1_205' title='bbox 539 1833 783 1870; x_wconf 87' lang='lat' dir='ltr'>testificantur</span> <span class='ocrx_word' id='word_1_206' title='bbox 801 1845 901 1881; x_wconf 87' lang='lat' dir='ltr'>opes.</span> 
     </span>
    </p>

    <p class='ocr_par' dir='ltr' id='par_1_11' title="bbox 100 1886 970 1990">
     <span class='ocr_line' id='line_1_32' title="bbox 100 1886 970 1936; baseline -0.001 -13"><span class='ocrx_word' id='word_1_207' title='bbox 100 1886 173 1924; x_wconf 88' lang='lat' dir='ltr'>Sed</span> <span class='ocrx_word' id='word_1_208' title='bbox 186 1900 251 1923; x_wconf 86' lang='lat' dir='ltr'>cur</span> <span class='ocrx_word' id='word_1_209' title='bbox 269 1887 452 1936; x_wconf 66' lang='lat' dir='ltr'>praecipue</span> <span class='ocrx_word' id='word_1_210' title='bbox 470 1886 589 1935; x_wconf 82' lang='lat' dir='ltr'>fugiat</span> <span class='ocrx_word' id='word_1_211' title='bbox 609 1887 789 1923; x_wconf 84' lang='lat' dir='ltr'>velamina</span> <span class='ocrx_word' id='word_1_212' title='bbox 809 1886 970 1930; x_wconf 87' lang='lat' dir='ltr'>Faunus,</span> 
     </span>
     <span class='ocr_line' id='line_1_33' title="bbox 151 1939 858 1990; baseline -0.001 -14"><span class='ocrx_word' id='word_1_213' title='bbox 151 1939 327 1978; x_wconf 84' lang='lat' dir='ltr'>Traditur</span> <span class='ocrx_word' id='word_1_214' title='bbox 346 1940 485 1988; x_wconf 81' lang='lat' dir='ltr'>antiqui</span> <span class='ocrx_word' id='word_1_215' title='bbox 504 1940 628 1976; x_wconf 79' lang='lat' dir='ltr'>fabula</span> <span class='ocrx_word' id='word_1_216' title='bbox 647 1941 755 1990; x_wconf 87' lang='lat' dir='ltr'>plena</span> <span class='ocrx_word' id='word_1_217' title='bbox 768 1940 858 1989; x_wconf 85' lang='lat' dir='ltr'>joci.</span> 
     </span>
    </p>

    <p class='ocr_par' dir='ltr' id='par_1_12' title="bbox 101 1992 1046 2097">
     <span class='ocr_line' id='line_1_34' title="bbox 101 1992 1046 2044; baseline 0 -14"><span class='ocrx_word' id='word_1_218' title='bbox 101 1992 213 2031; x_wconf 86' lang='lat' dir='ltr'>Forte</span> <span class='ocrx_word' id='word_1_219' title='bbox 232 2007 352 2031; x_wconf 88' lang='lat' dir='ltr'>comes</span> <span class='ocrx_word' id='word_1_220' title='bbox 372 1994 529 2030; x_wconf 83' lang='lat' dir='ltr'>dominae</span> <span class='ocrx_word' id='word_1_221' title='bbox 539 1994 687 2042; x_wconf 88' lang='lat' dir='ltr'>juvenis</span> <span class='ocrx_word' id='word_1_222' title='bbox 704 1994 924 2044; x_wconf 86' lang='lat' dir='ltr'>Tirynthius</span> <span class='ocrx_word' id='word_1_223' title='bbox 942 1994 1021 2031; x_wconf 92' lang='lat' dir='ltr'>ibat</span> <span class='ocrx_word' id='word_1_224' title='bbox 1038 2007 1046 2030; x_wconf 91' lang='lat'>:</span> 
     </span>
     <span class='ocr_line' id='line_1_35' title="bbox 154 2047 987 2097; baseline 0.001 -15"><span class='ocrx_word' id='word_1_225' title='bbox 154 2047 259 2084; x_wconf 89' lang='lat' dir='ltr'>Vidit</span> <span class='ocrx_word' id='word_1_226' title='bbox 278 2048 325 2084; x_wconf 87' lang='lat' dir='ltr'>ab</span> <span class='ocrx_word' id='word_1_227' title='bbox 344 2048 488 2084; x_wconf 78' lang='lat' dir='ltr'>excelso</span> <span class='ocrx_word' id='word_1_228' title='bbox 504 2047 653 2084; x_wconf 84' lang='lat' dir='ltr'>Faunus</span> <span class='ocrx_word' id='word_1_229' title='bbox 672 2052 870 2097; x_wconf 90' lang='lat' dir='ltr'>utrumque</span> <span class='ocrx_word' id='word_1_230' title='bbox 883 2047 987 2097; x_wconf 87' lang='lat' dir='ltr'>jugo.</span> 
     </span>
    </p>

    <p class='ocr_par' dir='ltr' id='par_1_13' title="bbox 102 2099 1087 2193">
     <span class='ocr_line' id='line_1_36' title="bbox 102 2099 1043 2150; baseline 0.004 -15"><span class='ocrx_word' id='word_1_231' title='bbox 102 2099 218 2146; x_wconf 90' lang='lat' dir='ltr'>Vidit,</span> <span class='ocrx_word' id='word_1_232' title='bbox 240 2106 277 2138; x_wconf 89' lang='lat' dir='ltr'>et</span> <span class='ocrx_word' id='word_1_233' title='bbox 295 2101 458 2145; x_wconf 84' lang='lat' dir='ltr'>incaluit,</span> <span class='ocrx_word' id='word_1_234' title='bbox 481 2101 733 2150; x_wconf 87' lang='lat' dir='ltr'>Montanaque</span> <span class='ocrx_word' id='word_1_235' title='bbox 758 2102 920 2146; x_wconf 87' lang='lat' dir='ltr'>numina,</span> <span class='ocrx_word' id='word_1_236' title='bbox 938 2101 1043 2147; x_wconf 81' lang='lat' dir='ltr'>dixit,</span> 
     </span>
     <span class='ocr_line' id='line_1_37' title="bbox 153 2152 1087 2193; baseline 0.003 -3"><span class='ocrx_word' id='word_1_237' title='bbox 153 2152 218 2190; x_wconf 91' lang='lat' dir='ltr'>Nil</span> <span class='ocrx_word' id='word_1_238' title='bbox 236 2154 325 2190; x_wconf 89' lang='lat' dir='ltr'>mihi</span> <span class='ocrx_word' id='word_1_239' title='bbox 344 2154 530 2191; x_wconf 83' lang='lat' dir='ltr'>vobiscum</span> <span class='ocrx_word' id='word_1_240' title='bbox 550 2160 606 2191; x_wconf 89' lang='lat' dir='ltr'>est</span> <span class='ocrx_word' id='word_1_241' title='bbox 622 2168 630 2192; x_wconf 77' lang='grc' dir='ltr'>ε</span> <span class='ocrx_word' id='word_1_242' title='bbox 659 2155 738 2192; x_wconf 85' lang='lat' dir='ltr'>haec</span> <span class='ocrx_word' id='word_1_243' title='bbox 754 2167 857 2192; x_wconf 85' lang='lat' dir='ltr'>meus</span> <span class='ocrx_word' id='word_1_244' title='bbox 876 2155 986 2192; x_wconf 82' lang='lat' dir='ltr'>ardor</span> <span class='ocrx_word' id='word_1_245' title='bbox 1005 2156 1087 2193; x_wconf 87' lang='lat' dir='ltr'>erit.</span> 
     </span>
    </p>

    <p class='ocr_par' dir='ltr' id='par_1_14' title="bbox 104 2206 878 2310">
     <span class='ocr_line' id='line_1_38' title="bbox 104 2206 878 2257; baseline 0.003 -14"><span class='ocrx_word' id='word_1_246' title='bbox 104 2206 186 2244; x_wconf 82' lang='lat' dir='ltr'>Ibat</span> <span class='ocrx_word' id='word_1_247' title='bbox 205 2207 368 2245; x_wconf 83' lang='lat' dir='ltr'>odoratis</span> <span class='ocrx_word' id='word_1_248' title='bbox 386 2207 559 2244; x_wconf 86' lang='lat' dir='ltr'>humeros</span> <span class='ocrx_word' id='word_1_249' title='bbox 578 2208 724 2256; x_wconf 83' lang='lat' dir='ltr'>perfusa</span> <span class='ocrx_word' id='word_1_250' title='bbox 738 2209 878 2257; x_wconf 86' lang='lat' dir='ltr'>capillis</span> 
     </span>
     <span class='ocr_line' id='line_1_39' title="bbox 155 2261 865 2310; baseline 0 -13"><span class='ocrx_word' id='word_1_251' title='bbox 155 2261 324 2305; x_wconf 83' lang='lat' dir='ltr'>Maeonis,</span> <span class='ocrx_word' id='word_1_252' title='bbox 341 2266 470 2298; x_wconf 86' lang='lat' dir='ltr'>aurato</span> <span class='ocrx_word' id='word_1_253' title='bbox 489 2261 748 2310; x_wconf 87' lang='lat' dir='ltr'>conspicienda</span> <span class='ocrx_word' id='word_1_254' title='bbox 768 2263 865 2299; x_wconf 89' lang='lat' dir='ltr'>sinu.</span> 
     </span>
    </p>

    <p class='ocr_par' dir='ltr' id='par_1_15' title="bbox 101 2314 991 2413">
     <span class='ocr_line' id='line_1_40' title="bbox 101 2314 981 2363; baseline 0.003 -13"><span class='ocrx_word' id='word_1_255' title='bbox 101 2314 228 2351; x_wconf 88' lang='lat' dir='ltr'>Aurea</span> <span class='ocrx_word' id='word_1_256' title='bbox 249 2314 436 2363; x_wconf 87' lang='lat' dir='ltr'>pellebant</span> <span class='ocrx_word' id='word_1_257' title='bbox 455 2314 604 2363; x_wconf 85' lang='lat' dir='ltr'>rapidos</span> <span class='ocrx_word' id='word_1_258' title='bbox 622 2316 839 2352; x_wconf 84' lang='lat' dir='ltr'>umbracula</span> <span class='ocrx_word' id='word_1_259' title='bbox 857 2316 951 2353; x_wconf 87' lang='lat' dir='ltr'>soles</span> <span class='ocrx_word' id='word_1_260' title='bbox 971 2330 981 2359; x_wconf 89' lang='lat'>;</span> 
     </span>
     <span class='ocr_line' id='line_1_41' title="bbox 157 2367 991 2413; baseline 0.002 -9"><span class='ocrx_word' id='word_1_261' title='bbox 157 2367 251 2413; x_wconf 78' lang='lat' dir='ltr'>Quae</span> <span class='ocrx_word' id='word_1_262' title='bbox 269 2374 393 2405; x_wconf 88' lang='lat' dir='ltr'>tamen</span> <span class='ocrx_word' id='word_1_263' title='bbox 412 2367 607 2405; x_wconf 80' lang='lat' dir='ltr'>Herculeae</span> <span class='ocrx_word' id='word_1_264' title='bbox 622 2368 830 2406; x_wconf 83' lang='lat' dir='ltr'>sustinuere</span> <span class='ocrx_word' id='word_1_265' title='bbox 848 2382 991 2407; x_wconf 88' lang='lat' dir='ltr'>manus.</span> 
     </span>
    </p>

    <p class='ocr_par' dir='ltr' id='par_1_16' title="bbox 99 2420 1051 2470">
     <span class='ocr_line' id='line_1_42' title="bbox 99 2420 1051 2470; baseline 0.004 -12"><span class='ocrx_word' id='word_1_266' title='bbox 99 2420 258 2470; x_wconf 77' lang='lat' dir='ltr'>Jamque</span> <span class='ocrx_word' id='word_1_267' title='bbox 276 2433 404 2460; x_wconf 86' lang='lat' dir='ltr'>nemus</span> <span class='ocrx_word' id='word_1_268' title='bbox 425 2421 573 2469; x_wconf 83' lang='lat' dir='ltr'>Bacchi,</span> <span class='ocrx_word' id='word_1_269' title='bbox 594 2421 716 2460; x_wconf 87' lang='lat' dir='ltr'>Tmoli</span> <span class='ocrx_word' id='word_1_270' title='bbox 733 2422 870 2469; x_wconf 82' lang='lat' dir='ltr'>vineta,</span> <span class='ocrx_word' id='word_1_271' title='bbox 887 2424 1051 2470; x_wconf 82' lang='lat' dir='ltr'>tenebat,</span> 
     </span>
    </p>
   </div>
   <div class='ocr_carea' id='block_1_5' title="bbox 1187 170 1235 208">
    <p class='ocr_par' dir='ltr' id='par_1_17' title="bbox 1187 170 1235 208">
     <span class='ocr_line' id='line_1_43' title="bbox 1187 170 1235 208; baseline -0.063 0"><span class='ocrx_word' id='word_1_272' title='bbox 1187 170 1235 208; x_wconf 86' lang='lat'>31</span> 
     </span>
    </p>
   </div>
   <div class='ocr_carea' id='block_1_6' title="bbox 1163 384 1241 425">
    <p class='ocr_par' dir='ltr' id='par_1_18' title="bbox 1163 384 1241 425">
     <span class='ocr_line' id='line_1_44' title="bbox 1163 384 1241 425; baseline 0 -3"><span class='ocrx_word' id='word_1_273' title='bbox 1163 384 1241 425; x_wconf 83' lang='lat'>275</span> 
     </span>
    </p>
   </div>
   <div class='ocr_carea' id='block_1_7' title="bbox 1168 922 1244 960">
    <p class='ocr_par' dir='ltr' id='par_1_19' title="bbox 1168 922 1244 960">
     <span class='ocr_line' id='line_1_45' title="bbox 1168 922 1244 960; baseline 0.013 -1"><span class='ocrx_word' id='word_1_274' title='bbox 1168 922 1244 960; x_wconf 85' lang='lat'>285</span> 
     </span>
    </p>
   </div>
   <div class='ocr_carea' id='block_1_8' title="bbox 1173 1192 1249 1230">
    <p class='ocr_par' dir='ltr' id='par_1_20' title="bbox 1173 1192 1249 1230">
     <span class='ocr_line' id='line_1_46' title="bbox 1173 1192 1249 1230; baseline 0.013 -2"><span class='ocrx_word' id='word_1_275' title='bbox 1173 1192 1249 1230; x_wconf 91' lang='grc'>290</span> 
     </span>
    </p>
   </div>
   <div class='ocr_carea' id='block_1_9' title="bbox 1176 1459 1251 1496">
    <p class='ocr_par' dir='ltr' id='par_1_21' title="bbox 1176 1459 1251 1496">
     <span class='ocr_line' id='line_1_47' title="bbox 1176 1459 1251 1496; baseline 0.027 -2"><span class='ocrx_word' id='word_1_276' title='bbox 1176 1459 1251 1496; x_wconf 82' lang='grc'>295</span> 
     </span>
    </p>
   </div>
   <div class='ocr_carea' id='block_1_10' title="bbox 1178 1729 1255 1765">
    <p class='ocr_par' dir='ltr' id='par_1_22' title="bbox 1178 1729 1255 1765">
     <span class='ocr_line' id='line_1_48' title="bbox 1178 1729 1255 1765; baseline 0 0"><span class='ocrx_word' id='word_1_277' title='bbox 1178 1729 1255 1765; x_wconf 88' lang='grc'>300</span> 
     </span>
    </p>
   </div>
   <div class='ocr_carea' id='block_1_11' title="bbox 1182 1997 1259 2035">
    <p class='ocr_par' dir='ltr' id='par_1_23' title="bbox 1182 1997 1259 2035">
     <span class='ocr_line' id='line_1_49' title="bbox 1182 1997 1259 2035; baseline 0.026 -2"><span class='ocrx_word' id='word_1_278' title='bbox 1182 1997 1259 2035; x_wconf 80' lang='lat'>305</span> 
     </span>
    </p>
   </div>
   <div class='ocr_carea' id='block_1_12' title="bbox 1181 2265 1259 2302">
    <p class='ocr_par' dir='ltr' id='par_1_24' title="bbox 1181 2265 1259 2302">
     <span class='ocr_line' id='line_1_50' title="bbox 1181 2265 1259 2302; baseline 0 0"><span class='ocrx_word' id='word_1_279' title='bbox 1181 2265 1259 2302; x_wconf 85' lang='lat'>310</span> 
     </span>
    </p>
   </div>
  </div>
 </body>
</html>
