1475 2712
533 177 740 206 CARMLNUM
759 177 810 203 Ν.

299 276 372 314 Per
390 275 530 320 titulos,
551 284 805 320 memoresque
824 272 949 319 fastos,

189 328 373 368 Aeternet
387 329 407 367 ἶ)
462 329 509 374 O,
531 341 604 376 qua
624 327 678 364 sol
697 326 919 363 habitabiles

191 382 359 421 Illustrat
378 395 471 427 oras,
492 381 651 418 maxime
669 379 901 429 principum!

240 436 375 482 Quem,
395 436 489 484 legis
508 439 679 483 expertes
698 433 871 478 Latinae,

293 489 480 526 Vindelici
500 488 664 525 didicere
684 499 815 536 nuper,

187 543 291 589 Quid
310 543 434 581 Marte
451 554 588 591 posses.
645 540 768 577 Milite
787 552 873 577 nam
895 543 961 577 tuo

185 595 334 634 Drusus
355 596 570 639 Genaunes,
591 587 837 643 implacidum'
852 606 987 643 genus,

234 649 476 697 Breunosque
494 648 650 694 veloces,
671 652 709 685 et
729 659 830 684 arces

291 703 451 753 Alpibus
471 702 664 751 impositas
684 700 899 745 tremendis,

182 755 332 805 Dejeeit
352 769 436 794 acer
454 756 538 805 plus
557 756 638 792 vice
657 754 826 803 simplici.

182 808 307 858 Major
326 810 522 847 Neronum
540 821 629 846 mox
648 821 763 858 grave
782 807 965 857 proelium

236 863 443 908 Commisit,
464 864 718 911 immanesque
738 861 909 900 Rhaetos

287 917 478 966 Auspiciis
496 916 641 966 pepulit
660 916 833 953 secundis
849 928 858 959 ;

182 969 416 1019 Spectandus
434 971 474 1007 in
494 970 694 1008 certamine
713 969 864 1014 Martio,

181 1022 331 1061 Devota
350 1025 461 1062 morti
482 1028 634 1073 pectora
652 1024 771 1061 libera

234 1077 397 1123 Quantis
416 1078 592 1126 fatigaret
612 1078 729 1114 ruinis
745 1091 754 1121 3

288 1131 495 1169 Indomitas
514 1143 630 1180 prope
649 1131 767 1179 qualis
786 1129 907 1167 undas

177 1182 342 1223 Exercet
360 1185 513 1229 Auster,
535 1184 728 1221 Plei'adum
750 1184 865 1221 choro

180 1237 383 1276 Scindente
401 1239 520 1275 nubes
541 1251 550 1282 3
579 1238 738 1286 impiger
757 1238 921 1275 hostium

230 1292 378 1329 Vexare
395 1296 549 1338 turmas,
570 1296 607 1328 et
626 1292 845 1329 frementem

286 1345 440 1383 Mittere
459 1357 594 1394 equum
614 1345 757 1382 medios
776 1357 843 1394 per
862 1345 983 1394 ignes.

178 1397 240 1436 Sic
259 1399 485 1437 tauriformis
514 1399 678 1436 volvitur
696 1399 871 1444 Aufidus,

181 1452 256 1497 Qui
275 1466 392 1502 regna
412 1453 542 1490 Dauni
562 1453 733 1502 praefluit
753 1452 908 1501 Appuli,

230 1506 326 1544 Cum
345 1507 474 1552 saevit,
495 1507 795 1554 horrendamque
815 1506 926 1543 cultis

282 1560 474 1597 Diluviem
492 1560 697 1598 meditatur
716 1559 815 1608 agris
830 1573 839 1597 ε

176 1611 232 1651 Ut
250 1613 492 1652 barbarorum
515 1614 695 1651 Claudius
714 1613 865 1662 agmina

175 1665 331 1705 Ferrata
349 1672 456 1706 vasto
475 1668 592 1705 diruit
612 1668 755 1717 impetu
771 1680 780 1711 ;

227 1719 448 1771 Primosque
468 1726 506 1758 et
526 1726 715 1758 extremos
736 1720 912 1757 metendo

278 1775 420 1814 Stravit
439 1775 607 1817 humum,
628 1775 708 1812 sine
727 1774 833 1811 clade
853 1774 973 1811 victor
989 1787 1000 1819 ;

174 1826 229 1865 Te
248 1829 383 1878 copiaS,
404 1834 443 1867 te
462 1829 656 1866 eonsilium
677 1834 715 1865 et
735 1832 820 1865 tuos

173 1880 384 1920 Praebente
403 1883 519 1919 divos.
576 1882 675 1919 Nam
696 1882 776 1926 tibi,
798 1893 871 1928 quo
891 1879 953 1918 die

225 1935 359 1973 Portus
379 1936 618 1973 Alexandrea
637 1935 794 1984 supplex

274 1989 324 2028 Et
345 2003 499 2027 vacuam
518 1989 693 2039 patefecit
713 1989 848 2032 aulam,

173 2041 342 2081 Fortuna
361 2044 479 2081 lustro
499 2056 676 2092 prospera
695 2042 808 2079 tertio

171 2094 269 2132 Belli
289 2098 471 2134 secundos
490 2097 657 2134 reddidit
676 2096 812 2140 exitus,

222 2149 466 2200 Laudemque
486 2156 524 2187 et
543 2156 713 2199 optatum
732 2148 891 2198 peractis

275 2203 445 2253 Imperiis
463 2204 577 2241 decus
605 2203 808 2252 arrogavit.

169 2254 225 2293 Te
245 2255 445 2303 Cantaber,
466 2270 540 2294 non
562 2262 650 2294 ante
668 2255 876 2299 domabilis,

168 2309 390 2360 Medusque,
411 2317 449 2350 et
471 2311 613 2354 Indus;
644 2315 683 2348 te
701 2310 882 2359 profugus
904 2307 1062 2359 Scythes

217 2363 390 2411 Miratur,
412 2379 434 2403 ο
454 2365 572 2403 tutela
591 2376 767 2414 praesens

272 2417 414 2465 Italiae,
435 2418 681 2467 dominaeque
700 2416 845 2454 Romae
861 2415 870 2455 Ζ

161 2469 229 2518 Te,
249 2470 410 2512 fontium
428 2472 492 2523 qui
511 2472 607 2510 celat
627 2471 800 2520 origines,

1210 167 1262 205 83

1232 260 1273 366 Q&

1207 596 1258 633 10

1202 1132 1253 1170 20

1198 1399 1247 1438 25

1191 1668 1244 1706 30

1192 1935 1244 1973 35

1185 2202 1238 2240 40

1180 2469 1232 2506 45
