1475 2712
96 252 172 291 111.
177 252 196 304 j
511 250 858 290 eucnemon.
1237 256 1286 292 45

94 359 196 397 Dum
221 359 585 397 medicasadhibere
605 371 740 396 manus
760 359 806 396 ad
828 359 989 396 vulnera
1007 365 1137 408 pastor
1205 362 1282 397 455

92 412 289 462 Abnegat,
310 420 376 450 aut
395 412 553 449 meliora
573 413 662 449 deos
682 413 788 449 sedet
808 413 936 449 omina
958 425 1128 460 poscens.

93 465 197 512 Quin
221 467 346 510 etiam,
368 467 445 503 ima
465 466 571 502 dolor
592 465 788 502 balantum
810 466 939 513 lapsus
959 466 1006 502 ad
1026 478 1111 504 ossa

91 519 190 556 Cum
211 519 306 557 furit
326 525 440 568 atque
459 519 804 567 artusdepascitur
824 520 931 556 arida
949 519 1083 565 febris,

88 572 243 610 Profuit
262 574 437 610 incensos
454 579 569 609 aestus
589 579 763 609 avertere
783 578 820 609 et
841 573 943 608 intvi-

88 625 173 663 Ima
193 626 310 663 ferire
330 626 437 675 pedis
457 625 656 666 salientem
677 626 865 673 sanguine
886 638 1040 662 venam:
1204 627 1283 663 460

87 678 245 716 Bisaltae
265 692 340 728 quo
361 691 465 716 more
486 679 609 715 solent
627 691 790 727 acerque
812 677 998 723 Gelonus,

89 731 188 769 Cum
209 732 310 782 sugit
329 733 369 768 in
391 732 605 781 Rhodopen
625 739 740 780 atque
760 732 800 768 in
821 733 975 769 deserta
997 730 1202 778 Getarum,

85 784 138 822 Et
157 786 216 823 lac
236 793 456 823 concretum
477 797 562 823 curn
584 785 772 834 sanguine
791 791 898 834 potat
920 786 1073 833 equino.

140 837 265 885 Quam
285 839 418 888 procul
437 846 502 876 aut
521 839 626 875 molli
647 839 850 876 succedere
870 840 1007 886 saepius
1029 839 1173 875 umbrae

84 891 255 938 Videris,
278 902 344 930 aut
365 905 532 930 summas
552 899 772 941 carpentem
792 892 972 941 ignavius
993 893 1144 937 herbas,
1201 893 1279 930 465

83 945 387 994 Extremamque
407 946 526 994 sequi,
548 952 614 983 aut
634 946 759 983 medio
780 947 1030 993 procumbere
1048 958 1182 995 campo

83 998 313 1036 Pascentem
332 1006 371 1036 et
390 1011 484 1036 serae
505 999 622 1036 solam
644 1000 827 1036 decedere
846 999 968 1042 nocti;

84 1051 280 1089 Continuo
300 1053 450 1101 culpam
471 1052 574 1089 ferro
593 1065 802 1101 compesce,
825 1053 1048 1100 priusquam

84 1106 182 1142 Dira
201 1118 269 1154 per
287 1105 488 1142 incautum
507 1112 663 1154 serpant
684 1106 863 1154 contagia
886 1106 1032 1154 volgus.

82 1159 174 1196 Non
193 1165 270 1196 tam
291 1159 439 1204 creber,
453 1171 571 1207 agens
591 1159 767 1202 hiemem,
786 1160 865 1195 ruit
885 1170 1038 1207 aequore
1057 1159 1184 1203 turbo,
1201 1158 1280 1198 470

85 1210 210 1257 Quam
230 1213 360 1249 multae
380 1213 572 1261 pecudum
592 1218 736 1260 pestes;
757 1224 827 1249 nec
848 1212 1001 1260 singula
1020 1213 1144 1249 morbi

83 1265 255 1314 Corpora
275 1266 500 1314 corripiunt,
522 1266 589 1302 sed
610 1271 691 1302 tota
710 1266 845 1302 aestiva
864 1272 1024 1314 repente

84 1317 274 1367 Spemque
292 1331 526 1368 gregemque
546 1319 662 1355 simul
681 1325 937 1367 cunctamque
958 1320 1005 1356 ab
1021 1319 1172 1368 origine
1184 1331 1279 1367 gen-

83 1371 182 1409 Tum
207 1373 312 1418 sciat,
334 1372 461 1409 aerias
482 1372 606 1420 Alpes
625 1378 663 1409 et
684 1372 828 1409 Norica
849 1373 879 1408 si
900 1372 987 1420 quis
1165 1370 1276 1422 [tem.

82 1425 251 1462 Castella
269 1426 310 1461 in
331 1425 491 1462 tumulis
511 1432 549 1462 et
569 1426 728 1474 Iapydis
748 1439 841 1462 arva
862 1425 1018 1463 Timavi
1198 1426 1276 1465 475

80 1478 198 1516 Nunc
217 1492 368 1528 quoque
388 1486 474 1528 post
494 1484 602 1516 tanto
622 1480 754 1516 videat
774 1480 1002 1528 desertaque
1023 1491 1143 1528 regna

79 1532 286 1569 Pastorum
305 1540 344 1570 et
363 1533 477 1581 longe
498 1533 619 1569 saltus
638 1533 791 1580 lateque
812 1540 1008 1570 vacantes.

135 1586 212 1622 Hic
231 1587 422 1634 quondam
445 1586 578 1623 morbo
598 1586 682 1622 coeli
703 1586 920 1623 miseranda
939 1592 1068 1623 coorta
1088 1592 1145 1623 est

80 1639 320 1688 Tempestas,
342 1639 717 1688 totoqueauetumni
738 1640 939 1676 incanduit
958 1646 1064 1684 aestu,

79 1692 132 1729 Et
150 1705 273 1741 genus
292 1705 403 1730 omne
424 1692 506 1729 neci
527 1693 718 1741 pecudum
740 1693 857 1738 dedit,
878 1705 991 1730 omne
1010 1693 1178 1730 serarum
1194 1707 1204 1735 ;

80 1740 346 1794 Corrupitque
361 1747 482 1789 lacus3
502 1745 637 1782 infecit
657 1746 797 1794 pabula
817 1747 918 1783 tabo.
1197 1747 1271 1782 481

77 1799 162 1836 Nec
183 1802 246 1836 via
263 1800 398 1835 mortis
418 1805 499 1835 erat
519 1799 709 1847 simplex;
729 1799 806 1844 sed,
830 1799 895 1836 ubi
915 1799 1029 1848 ignea
1049 1799 1158 1836 venis

79 1851 269 1890 Omnibus
290 1859 374 1889 acta
394 1853 478 1890 sitis
499 1853 656 1889 miseros
677 1852 893 1889 adduxerat
912 1859 1033 1896 artus,

76 1907 228 1943 Rursus
248 1906 468 1943 abundabat
488 1905 630 1941 fluidus
649 1905 789 1954 liquor,
813 1906 1019 1954 omniaque
1038 1906 1080 1942 in
1101 1918 1141 1943 se

79 1958 177 1997 Ossa
197 1960 418 1996 minutatim
439 1960 574 1996 morbo
592 1958 760 2008 collapsa
778 1959 968 1996 trahebat.
1195 1960 1273 1996 485

79 2012 188 2061 Saepe
207 2013 248 2048 in
268 2013 413 2049 honore
432 2013 546 2049 deum
566 2013 692 2049 medio
712 2018 817 2049 stans
837 2013 960 2049 hostin
981 2013 1029 2049 ad
1048 2025 1166 2056 aram,

76 2066 208 2103 Lanea
226 2066 318 2102 dum
337 2066 451 2102 nivea
470 2066 731 2102 circumdatur
751 2065 875 2103 infula
894 2067 1004 2109 vitta,

76 2119 186 2156 Inter
205 2121 430 2156 cunctantes
449 2119 588 2156 cecidit
606 2119 836 2156 moribunda
855 2120 1066 2156 ministros.

77 2175 161 2209 Aut
182 2173 213 2208 si
233 2185 349 2220 quam
368 2171 471 2208 ferro
491 2178 725 2209 mactaverat
745 2179 834 2209 ante
855 2173 1042 2214 sacerdos,

76 2226 173 2263 Inde
192 2238 316 2274 neque
335 2225 526 2273 impositis
545 2225 681 2262 ardent
701 2225 836 2262 altaria
856 2226 975 2270 fibris,
1193 2227 1272 2263 490

76 2279 116 2316 N
119 2292 161 2316 ec
181 2291 362 2327 responsa
382 2285 508 2327 potest
527 2278 724 2315 consultus
739 2279 899 2316 reddere
920 2286 1044 2322 vates3

77 2334 139 2369 Ac
161 2332 229 2368 vix
249 2332 437 2381 suppositi
458 2333 691 2380 tinguuntur
710 2333 898 2381 sanguine
919 2326 1047 2378 cultri,

78 2383 310 2434 Summaque
331 2385 468 2433 jejuna
487 2386 592 2422 sanie
612 2384 829 2423 infuscatur
848 2398 978 2423 arena.

78 2439 182 2476 Hinc
202 2439 299 2475 laetis
322 2439 433 2475 vituli
453 2439 570 2488 vulgo
590 2439 808 2476 moriuntur
826 2439 1027 2484 inberbis,

77 2491 128 2528 Et
150 2493 277 2529 dulces
298 2492 445 2529 animas
465 2492 576 2540 plena
598 2493 643 2528 ad
664 2492 850 2541 praesepia
869 2493 1054 2536 reddunt-;
1191 2494 1268 2530 495
