1414 2666
174 165 227 202 40

624 174 839 203 mmmmm
863 174 907 202 11.

384 271 448 309 Me
466 272 572 320 petit.
628 271 736 308 Nihil
753 284 867 321 supra

286 324 380 363 Deos
393 325 545 370 lacesso,
564 337 634 362 nec
653 330 845 374 potentem
864 323 1026 362 amicum

388 378 570 427 Largiora
587 378 730 427 flagito,

280 433 378 470 Satis
397 433 530 469 beatus
545 432 664 469 unicis
680 431 841 470 Sabinis.

389 485 574 523 Truditur
593 485 672 523 dies
686 486 763 531 die,

280 541 486 588 Novaeque
504 546 670 588 pergunt
688 538 844 578 interire
863 538 1019 576 Lunae:

384 593 444 630 Tu
464 592 626 629 secanda
644 605 830 630 marmora

281 646 398 684 Locas
417 646 488 684 sub
503 645 625 695 ipsum
644 646 768 692 funus,
786 651 835 693 et,
856 646 1017 695 sepulcri

386 700 596 744 Immemor,
614 700 723 737 struis
741 700 873 737 domos
892 713 901 744 ;

279 755 468 803 Marisque
484 752 586 790 Baiis
604 754 855 802 obstrepentis
875 765 1008 801 urgues

384 807 615 844 Submovere
633 806 775 851 littora,

281 861 420 898 Parum
439 860 605 908 locuples
623 860 843 897 continente
861 860 954 909 ripa.

387 913 502 960 Quid,
523 912 626 962 quod
641 926 760 963 usque
777 913 967 962 proximos

279 967 445 1005 Revellis
465 966 548 1017 agri
567 967 760 1013 terminos,
777 971 816 1005 et
830 967 931 1005 ultra

384 1021 542 1059 Limites
562 1020 753 1058 clientium

274 1074 368 1112 Salis
389 1087 522 1112 avarus
542 1073 561 1111 P
590 1074 756 1124 pellitur,
775 1078 953 1123 paternos

384 1128 428 1165 In
448 1130 531 1165 sinu
550 1127 673 1165 ferens
693 1128 795 1173 deos,
857 1148 859 1151 ·

279 1180 328 1219 Et
349 1193 457 1227 uxor,
479 1190 517 1219 et
536 1181 606 1226 vir,
627 1181 872 1231 sordidosque
891 1185 999 1219 natos
1016 1182 1036 1220 ἶ)

384 1235 500 1273 Nulla
514 1235 652 1273 certior
670 1240 797 1273 tamen

275 1288 439 1337 Rapacis
459 1289 549 1326 Orci
569 1288 643 1326 fine
662 1288 850 1327 destinata

381 1342 484 1380 Aula
503 1343 662 1380 divitem
680 1347 808 1381 manet

273 1395 436 1433 Herum.
494 1396 598 1441 Quid
616 1396 717 1433 ultra
735 1396 860 1434 tendis
880 1397 900 1434 ?
919 1409 1039 1447 aequa
1052 1398 1166 1436 tellus

382 1448 545 1498 Pauperi
562 1449 781 1495 recluditur,

274 1503 500 1552 Regumque
518 1503 643 1553 pueris
659 1516 668 1540 ε
697 1515 768 1540 nec
787 1502 936 1542 satelles
955 1503 1047 1542 Orci

379 1556 567 1594 Callidum
588 1556 814 1595 Promethea

274 1610 437 1648 Revexit
456 1622 547 1647 auro
567 1615 710 1660 eaptus.
766 1610 843 1648 Hic
862 1612 1064 1661 superbum

376 1664 590 1710 Tantalum,
612 1670 726 1713 atque
746 1663 898 1703 Tantali

272 1718 414 1762 Genus,
431 1721 580 1756 coercet
596 1731 604 1755 ε
635 1718 707 1763 hic,
726 1718 852 1756 levare
870 1718 1042 1756 functum

377 1771 584 1821 Pauperem
598 1771 790 1809 laboribus

267 1824 445 1869 Vocatus,
470 1830 584 1874 atque
603 1837 681 1862 non
696 1830 862 1870 vocatus,
883 1825 1002 1863 audit.

481 1928 569 1965 ODE
599 1927 812 1966 XIX—In
831 1927 1029 1968 Bacchum.

268 2033 467 2071 BAccHUM
485 2034 524 2070 in
543 2034 697 2071 remotis
715 2034 883 2071 carmina
900 2033 1056 2084 rupibus

270 2087 358 2124 Vidi
377 2087 576 2125 docentem
599 2086 769 2138 (credite,
789 2086 963 2139 posteri‚)

318 2140 590 2191 Nymphasque
609 2140 807 2187 discentes,
830 2146 991 2180 etaures

371 2194 624 2244 Capripedum
639 2199 852 2245 satyrorum
871 2199 1013 2232 acutas.

262 2248 391 2286 Euoe!
420 2248 564 2287 recenti
582 2260 687 2287 mens
704 2248 870 2298 trepidat
889 2253 1002 2294 metu,

266 2301 459 2351 Plenoque
479 2301 620 2340 Bacchi
638 2306 790 2352 pectore
808 2301 1004 2340 turbidum

318 2355 514 2394 Laetatur.
572 2355 678 2393 Euoe
697 2355 707 2394 l
736 2367 859 2405 parce,
874 2354 1015 2394 Liber!

371 2408 498 2456 Parce,
519 2409 626 2459 gravi
644 2408 847 2451 metuende
864 2408 996 2459 thyrso
1012 2409 1020 2447 Ξ

1304 487 1354 523 16

1300 752 1352 789 20

1304 1018 1356 1055 25

1302 1286 1355 1324 30

1294 1554 1344 1592 35

1297 1821 1350 1860 40
