1475 2712
81 191 138 242 1.]
496 188 843 227 GEORGICON.
1250 193 1277 226 9

79 297 258 335 Carduus
276 312 286 341 ;
307 297 502 333 intereunt
521 301 669 343 segetes
690 310 699 339 ;
720 296 824 332 subit
845 307 979 343 aspera
1000 294 1109 338 silva,

75 351 294 399 Lappaeque
313 349 522 398 tribulique
543 363 552 392 ;
573 350 749 397 interque
770 349 933 384 nitentia
954 348 1058 385 culta

75 404 221 441 Infelix
241 404 371 440 lolium
393 409 430 439 et
450 403 599 439 steriles
619 402 866 438 dominantur
885 414 1027 438 avenae.

78 457 190 503 Quod
209 457 283 494 nisi
305 463 342 493 et
363 456 525 492 assiduis
547 456 707 491 herbam
727 456 965 492 insectabere
986 455 1133 499 rastris,
1196 456 1275 491 155

75 509 128 546 Et
150 510 276 546 sonitu
297 510 463 546 terrebis
483 521 586 551 aves,
608 515 646 545 et
667 509 768 544 ruris
789 509 896 557 opaci

75 563 191 600 Falce
211 575 360 612 premes
382 564 567 606 umbram,
592 562 770 610 votisque
791 561 991 598 vocaveris
1011 561 1170 597 imbrem
1195 574 1203 596 :

77 614 176 658 Heu,
199 629 380 664 magnum
401 615 560 652 alterius
581 614 724 651 frustra
745 615 936 662 spectabis
952 627 1132 651 acervum
1156 629 1165 657 ;

77 668 351 717 Concussaque
373 669 511 705 famem
534 668 572 704 in
595 668 703 704 silvis
722 669 895 704 solabere
914 680 1072 715 quercu.
1202 702 1207 706 .

130 722 345 759 Dicendum
366 729 417 766 et,
436 734 522 770 quae
541 724 618 758 sint
639 721 745 757 duris
765 721 983 768 agrestibus
1004 733 1121 763 arma,
1198 722 1275 757 160

76 773 174 820 Quis
195 776 276 812 sine
296 788 366 811 nec
387 784 546 823 potuere
566 776 640 811 seri
663 787 732 811 nec
753 786 911 821 surgere
937 786 1080 810 messes
1102 787 1111 810 τ

75 828 212 865 Vomis
233 835 270 865 et
290 829 424 865 inflexi
446 829 611 876 primum
635 840 754 876 grave
775 828 891 864 robur
911 827 1042 870 aratri,

75 881 284 929 Tardaque
304 882 499 918 Eleusinae
520 882 652 918 matris
674 881 871 917 volventia
891 880 1076 928 plaustra,

75 934 326 982 Tribulaque,
348 935 580 982 trabemque,
601 941 638 970 et
660 934 793 981 iniquo
815 934 982 982 pondere
1002 934 1116 970 rastri
1138 948 1148 976 3

75 987 224 1035 Virgea
243 994 428 1036 praeterea
449 987 553 1024 Celei
579 988 741 1035 vilisque
762 987 948 1035 supellex,
1198 988 1274 1023 165

73 1041 262 1077 Arbuteae
282 1047 405 1077 crates
421 1048 459 1077 et
480 1041 641 1089 mystica
663 1054 812 1077 vannus
833 1040 976 1076 Iacchi.

76 1093 218 1131 Omnia
238 1107 322 1142 quae
341 1094 462 1130 multo
482 1100 570 1130 ante
590 1106 735 1129 memor
756 1094 908 1141 provisa
928 1106 1102 1140 reponeS,

77 1145 116 1183 Si
137 1153 174 1184 te
194 1147 311 1195 digna
332 1153 458 1183 manet
479 1147 600 1182 divini
623 1147 745 1193 gloria
766 1148 881 1182 ruris.
917 1151 927 1157 “

78 1200 275 1238 Continuo
295 1200 334 1236 in
358 1200 466 1236 silvis
488 1212 624 1247 magua
646 1200 685 1235 vi
707 1200 807 1235 flexa
830 1200 1007 1235 domatur

75 1253 124 1290 In
144 1253 270 1290 burim
291 1259 328 1290 et
349 1253 457 1290 curvi
480 1253 640 1289 formam
663 1253 802 1300 accipit
827 1253 952 1288 ulmus
973 1253 1106 1289 aratri.
1201 1252 1277 1291 170

77 1307 182 1343 Huic
203 1308 250 1343 ab
272 1306 391 1354 stirpe
412 1307 526 1354 pedes
548 1315 648 1342 terno
670 1312 866 1353 protentus
886 1306 925 1341 in
949 1311 1049 1350 octo,

75 1359 186 1396 Binae
206 1372 328 1404 aures,
350 1360 494 1408 duplici
514 1366 697 1407 aptantur
717 1359 885 1395 dentalia
905 1359 1027 1395 dorso.

76 1412 251 1450 Caeditur
271 1420 308 1449 et
327 1413 410 1450 tilia
430 1420 517 1449 ante
531 1413 629 1460 jugo
650 1413 758 1456 levis,
779 1414 930 1460 altaque
946 1412 1059 1460 fagus

78 1464 206 1511 Stivae,
228 1479 313 1514 quae
331 1479 466 1503 currus
486 1479 508 1502 a
527 1473 638 1513 tergo
657 1473 833 1514 torqueat
854 1467 950 1502 imos
971 1480 982 1508 ;

78 1519 132 1555 Et
153 1530 338 1568 suspensa
358 1520 452 1556 focis
473 1520 649 1567 explorat
668 1521 806 1555 robora
825 1518 967 1555 fumus.
1201 1518 1275 1557 175

128 1572 289 1609 Possum
312 1573 432 1609 multa
451 1573 523 1609 tibi
544 1579 718 1610 veterum
743 1579 934 1623 praecepta
953 1571 1111 1617 referre,

75 1625 130 1661 Ni
153 1625 311 1674 refugis,
333 1633 545 1673 tenuesque
565 1627 672 1674 piget
689 1638 919 1674 cognoscere
935 1638 1058 1662 curas.

74 1679 182 1715 Area
201 1691 286 1716 cum
308 1680 443 1727 primis
464 1680 614 1727 ingenti
636 1679 821 1726 aequanda
842 1679 1029 1727 cylindro,

76 1731 128 1767 Et
148 1733 334 1768 vertenda
355 1745 482 1774 manu,
505 1738 542 1768 et
564 1738 668 1769 creta
691 1732 890 1769 solidanda
908 1731 1049 1777 tenaci,

75 1784 140 1821 Ne
159 1786 320 1822 subeant
340 1786 480 1828 herbae,
503 1798 575 1821 neu
600 1785 759 1832 pulvere
782 1785 884 1821 vieta
902 1784 1068 1829 fatiscat,
1201 1786 1278 1821 180

77 1837 178 1874 Tum
200 1839 316 1875 variae
337 1839 501 1875 illudant
518 1844 644 1887 pestes
662 1853 672 1881 ς
693 1851 790 1886 saepe
814 1839 980 1886 exiguus
1002 1851 1086 1874 mus

78 1889 157 1928 Sub
175 1892 290 1928 terris
312 1892 514 1940 posuitque
535 1893 666 1928 domos
685 1899 800 1940 atque
821 1893 956 1927 horrea
977 1890 1070 1928 fecit
1089 1906 1098 1934 ;

76 1942 160 1980 Aut
184 1945 303 1981 oculis
324 1946 425 1993 capti
446 1946 575 1981 fodere
596 1945 736 1981 cubilia
757 1946 870 1993 talpas
890 1959 900 1987 ;

75 1997 338 2045 Inventusque
358 1999 463 2035 cavis
483 1998 586 2041 bufo,
609 2004 646 2034 et
667 2010 749 2045 quae
769 1999 935 2046 plurima
954 2004 1068 2034 terrae

77 2049 255 2088 Monstra
268 2052 414 2095 ierunt3
431 2052 870 2100 populatqueingentem
879 2051 993 2087 farris
1007 2063 1185 2087 acervum
1202 2052 1277 2087 185

77 2103 272 2147 Curculio,
294 2112 406 2151 atque
427 2105 532 2151 inopi
556 2111 728 2141 metuens
749 2104 911 2141 formica
930 2111 1106 2141 senectae,

131 2157 422 2205 Contemplator
441 2158 547 2202 item,
569 2171 654 2194 cum
677 2171 717 2194 se
738 2171 819 2194 nux
840 2158 1008 2206 plurima
1029 2157 1140 2193 silvis

74 2209 217 2247 Induet
237 2211 277 2246 in
296 2211 444 2252 florem,
467 2218 504 2247 et
524 2223 649 2247 ramos
669 2212 848 2247 curvabit
867 2210 1011 2247 olentes
1030 2224 1039 2246 ε

78 2262 117 2299 Si
139 2272 322 2312 superant
343 2264 457 2307 fetus,
478 2265 622 2312 pariter
641 2264 835 2300 frumenta
856 2270 1077 2310 sequent-ur,

78 2317 296 2365 Magnaque
320 2330 406 2353 cuin
428 2330 566 2365 magno
587 2318 716 2354 veniet
736 2318 877 2353 tritura
897 2317 1022 2353 calore
1042 2331 1053 2360 3
1202 2318 1279 2354 190

77 2371 134 2406 At
156 2371 188 2406 si
209 2371 365 2407 luxuria
386 2371 563 2407 foliorum
587 2372 775 2407 exuberat
796 2371 931 2407 umbra
952 2384 960 2406 z

77 2422 350 2471 Nequidquam
372 2424 537 2473 pingues
558 2424 666 2472 palea
686 2430 784 2460 teret
806 2436 893 2461 area
914 2423 1075 2460 culmos.
