1414 2666
162 148 213 185 20
561 157 599 183 P.
627 156 754 184 ov11>11
780 155 943 183 NAsoms
1248 144 1346 196 [Lm.

215 255 295 292 Aut
314 252 417 291 corvi
434 252 566 290 titulos
585 253 775 291 auxiliaris
793 253 946 290 habent.

166 308 319 357 Magne,
338 312 448 345 tuum
466 318 603 344 nomen
622 319 746 344 rerum
765 319 940 343 mensura
959 310 1110 344 tuarum
1128 309 1186 344 est
1203 316 1214 342 ι

218 361 293 399 Sed
313 361 430 410 quite
450 360 551 405 vicit,
572 360 724 397 nomine
740 359 861 408 major
880 364 972 397 erat.

164 415 246 452 Nec
265 415 406 463 gradus
426 418 483 450 est
501 413 602 451 ultra
620 413 755 451 Fabios
774 413 1007 461 cognominis
1025 412 1126 450 ullus
1146 425 1155 456 ;
1264 410 1342 450 605

218 468 286 505 Illa
306 468 440 505 domus
460 467 602 505 meritis
617 466 783 504 Maxima
802 467 907 504 dicta
926 467 1018 503 suis.

163 521 238 559 Sed
257 525 384 559 tamen
403 521 576 559 humanis
594 520 832 558 celebrant-ur
850 520 1058 558 honoribus
1077 531 1206 557 omnes
1224 530 1234 564 ;

215 575 291 612 Hic
311 575 452 612 socium
472 587 616 612 summo
635 587 719 611 cum
739 574 836 611 Jove
856 585 994 610 nomen
1013 573 1142 611 habet.

162 629 301 666 Sancta
321 634 458 667 vocant
478 633 644 677 augusta
661 633 813 677 patres:
843 635 1006 676 augusta
1024 630 1208 665 vocantur

215 682 383 731 Templa,
403 682 641 719 sacerdotum
659 681 731 718 rite
747 681 872 718 dicata
889 693 1018 717 manu.
1270 681 1349 721 610

160 736 288 783 Hujus
307 741 345 774 et
365 736 567 784 augurium
582 735 773 784 dependet
793 734 939 782 origine
959 735 1075 780 verbi,

214 789 265 827 Et
285 789 543 838 quodcunque
561 800 629 825 sua
646 788 799 837 Jupiter
818 791 935 835 auget
955 800 1039 837 ope.

160 844 313 891 Augeat
333 842 531 892 imperium
548 842 668 879 nostri
687 842 804 886 ducis,
825 845 964 889 augeat
982 853 1101 879 annos
1121 855 1129 879 :

213 896 394 945 Protegat
414 901 451 933 et
471 900 613 932 vestras
634 907 777 943 querna
796 906 935 932 corona
952 894 1066 932 fores.

159 950 462 999 Auspicibusque
481 949 561 986 deis
575 949 674 986 tanti
692 947 925 997 cognominis
939 948 1056 986 haeres
1270 949 1347 989 615

213 1003 351 1041 Omine
369 1002 557 1052 suscipiat,
578 1014 652 1050 quo
671 1008 789 1052 pater,
810 1002 910 1040 orbis
929 1014 1035 1040 onus.

160 1108 354 1157 Respiciet
374 1107 489 1145 Titan
503 1112 605 1145 actas
620 1107 685 1144 ubi
704 1107 839 1145 tertius
859 1106 962 1153 Idus,

215 1161 325 1199 Fient
346 1161 555 1198 Parrhasiae
574 1174 677 1198 sacra
696 1161 814 1198 relata
826 1160 920 1198 deae.

161 1216 260 1253 Nam
280 1215 383 1265 prius
402 1213 594 1252 Ausonias
613 1220 751 1252 matres
766 1219 945 1263 carpenta
959 1213 1147 1253 vehebant
1165 1227 1175 1259 3

213 1269 308 1306 Haec
327 1281 475 1318 quoque
494 1269 541 1306 ab
562 1268 729 1305 Evandri
749 1269 850 1306 dicta
868 1273 1025 1317 parente
1042 1281 1140 1306 reor.
1265 1267 1344 1306 620

158 1324 251 1360 Mox
269 1323 389 1359 honor
404 1322 561 1370 eripitur
581 1336 590 1366 ;
625 1327 870 1370 matronaque
884 1321 1049 1360 destinat
1068 1321 1189 1359 omnis

214 1376 388 1424 Ingratos
406 1376 512 1412 nulla
530 1375 635 1424 prole
654 1388 792 1412 novare
811 1375 925 1412 viros.

160 1430 267 1467 Neve
281 1430 388 1467 daret
408 1434 549 1478 partus,
571 1429 649 1466 ictu
664 1429 861 1466 temeraria
880 1441 980 1466 caeco

214 1483 429 1520 Visceribus
447 1495 616 1520 crescens
630 1483 846 1520 excutiebat
866 1495 972 1520 onus.
1249 1527 1251 1530 Ι

162 1537 395 1586 Corripuisse
410 1541 534 1586 patres
553 1549 660 1574 ausas
680 1536 837 1574 immitia
851 1541 999 1586 nuptm,
1267 1535 1345 1574 620

213 1590 237 1628 J
242 1603 285 1628 us
304 1596 429 1628 tamen
449 1597 639 1628 exemtum
654 1590 855 1635 reststuise,
874 1590 1012 1628 ferunt.

162 1644 332 1692 Binaque
351 1656 452 1680 nunc
471 1643 611 1692 pariter
632 1643 799 1692 Tegeaeae
821 1656 925 1681 sacra
942 1644 1092 1692 parenti

214 1698 289 1735 Pro
308 1698 432 1747 pueris
452 1697 532 1734 fieri
550 1697 832 1746 virginibusque
845 1697 997 1746 jubent.

162 1753 315 1790 Scortea
335 1764 412 1788 non
430 1751 485 1788 illi
503 1750 558 1788 fas
578 1757 634 1789 est
653 1751 790 1788 inferre
810 1751 957 1797 saceHo,

214 1806 273 1842 Ne
292 1805 434 1842 violent
448 1817 562 1853 puros
581 1805 796 1842 exanimata
814 1806 925 1842 focos.
1265 1803 1344 1843 530

162 1859 201 1896 Si
221 1858 303 1906 quis
323 1871 423 1895 amas
443 1859 537 1896 ritus
556 1865 711 1901 veter-⁴2²3,
733 1859 872 1896 adsiste
891 1860 1085 1908 precanti:

214 1912 378 1949 Nomina
396 1911 578 1961 percipies
598 1924 673 1948 non
694 1911 764 1949 tibi
784 1917 875 1950 nota
889 1913 1004 1962 prius.

162 1966 332 2003 Porrima
350 1965 547 2014 placantur
567 1965 849 2014 Postvertaque‚
870 1967 947 2003 sive
962 1978 1118 2012 sorores,

216 2020 302 2057 Sive
320 2019 420 2067 fugoe
441 2019 606 2062 comites,
629 2019 782 2056 Maenali
802 2019 990 2069 Nympha,
1012 2025 1102 2058 tuae.

161 2072 305 2118 Altera,
327 2073 429 2120 quod
448 2085 559 2122 porro
573 2073 707 2119 fuerat,
728 2073 904 2110 cecinisse
921 2078 1091 2120 putatur,
1264 2070 1342 2110 635

214 2127 347 2164 Altera
364 2139 558 2164 versurum
574 2128 774 2176 postmodo
791 2127 972 2177 quicquid
984 2132 1078 2165 erat.

164 2233 336 2270 Candida
350 2238 389 2270 te
408 2233 517 2270 niveo
537 2233 661 2282 posuit
680 2233 750 2270 lux
768 2233 942 2282 proxima
959 2233 1112 2283 templo,

217 2286 304 2331 Qua
322 2286 395 2325 fert
413 2287 589 2324 sublimes
608 2288 684 2325 alta
703 2287 860 2324 Moneta
875 2287 1038 2336 gradus:

163 2340 277 2378 Nunc
291 2341 387 2377 bene
408 2341 611 2390 prospicies
631 2341 791 2386 Latiam,
815 2341 1039 2387 Concordia,
1058 2340 1209 2380 turbam
1227 2351 1238 2385 3

215 2392 329 2431 Nunc
349 2399 387 2432 te
406 2399 560 2432 sacratae
579 2395 778 2434 restituere
796 2407 942 2432 manus.
1262 2389 1341 2430 640
