1414 2666
153 182 203 219 10
547 194 583 220 Ρ.
613 192 738 221 ovmn
764 193 928 222 Nasoms
1235 182 1332 235 [m.

202 287 309 327 Dum
326 288 487 339 populus
505 302 658 339 pauper,
679 290 769 328 dum
788 303 888 328 nova
901 289 1027 328 Roma
1041 289 1117 329 fuit
1134 303 1144 336 ;

150 342 254 380 Dum
273 356 357 380 oasa
375 343 627 392 Martigenam
646 344 817 394 capiebat
834 357 950 393 parva
969 343 1184 392 Quirinum,

204 395 257 434 Et
275 397 391 434 dabat
405 397 582 446 exiguum
595 397 759 435 fluminis
778 399 866 435 ulva
883 402 1020 436 torum.
1252 398 1332 436 200

148 449 302 499 Jupiter
321 456 481 499 angusta
498 451 563 488 vix
580 456 683 490 totus
702 453 826 490 stabat
844 451 885 488 in
905 451 1010 489 aede:

203 503 325 553 Inque
342 504 368 541 J
371 504 450 542 ovis
469 505 602 543 dextra
619 506 734 544 fictile
752 506 891 543 fulmen
914 509 1007 543 erat.

151 556 364 595 Frondibus
383 559 579 605 ornabant,
600 572 682 609 quae
701 573 803 598 nune
825 559 1011 609 Capitolia
1028 558 1208 608 gemmis:

203 610 463 661 Pascebatque
481 626 566 650 suas
585 613 665 663 ipse.
684 618 836 652 senator
855 625 956 650 oves.

150 663 231 702 Nee
246 665 368 714 pudor
386 666 426 702 in
445 667 583 716 stipula
597 668 782 717 placidam
801 667 943 716 cepisse
961 665 1137 715 quietem,
1251 664 1330 704 205

203 718 285 756 Nee
303 719 444 756 foenum
463 721 576 769 capiti
596 721 835 770 supposuisse
853 721 939 758 fuit.

148 770 175 808 J
178 783 245 809 ura
263 773 376 811 dabat
396 774 544 823 populis
563 775 686 823 posito
701 775 814 811 modo
829 773 961 811 consul
975 778 1101 812 aratro
1118 787 1126 812 :

205 824 256 864 Et
274 826 367 863 levis
386 828 536 874 argenti
553 827 692 864 lamina
711 828 850 865 crimen
869 833 963 865 erat.

150 877 207 916 At
225 885 422 929 postquam
442 880 594 918 fortuna
613 881 685 918 loci
705 886 818 930 caput
838 881 976 919 extulit
993 879 1118 930 hujus,

204 931 256 971 Et
275 934 404 982 tetigit
424 947 587 972 summos
607 935 744 972 vertice
764 935 890 972 Roma
908 934 1023 979 deos;
1254 935 1332 972 210

148 984 361 1024 Crevcrunt
381 992 419 1026 et
438 1000 537 1037 opes,
558 994 596 1026 et
614 1001 727 1038 opum
746 989 885 1026 furiosa
904 988 1066 1038 cupido:

205 1039 268 1086 Et,
289 1053 374 1078 cum
394 1041 609 1091 possideant
628 1043 797 1092 plurima,
818 1043 927 1092 plura
946 1042 1090 1081 volunt.

151 1092 344 1139 Quaerere,
365 1100 409 1133 ut
429 1096 639 1141 absumant,
661 1097 832 1134 absumta
847 1096 1037 1145 requirere
1055 1100 1224 1135 certant:

203 1146 334 1197 Atque
347 1148 436 1197 ipsae
456 1149 557 1187 vitiis
576 1156 664 1187 sunt
683 1150 860 1187 alimenta
875 1151 986 1187 vices.

155 1199 228 1246 Sic,
247 1202 381 1250 quibus
395 1203 578 1240 intumuit
598 1203 737 1240 suffusa
756 1209 888 1240 venter
905 1204 953 1240 ab
971 1202 1085 1249 unda,
1255 1202 1332 1240 215

205 1255 293 1300 Quo
312 1256 396 1304 plus
414 1261 503 1293 sunt
521 1263 634 1306 potae,
657 1257 739 1305 plus
759 1257 939 1294 sitiuntur
959 1268 1078 1305 aquae.

151 1307 197 1344 In
215 1309 338 1357 pretio
357 1310 520 1358 pretium
540 1323 642 1347 nunc
662 1315 718 1348 est
739 1323 747 1347 :
778 1310 843 1347 dat
863 1322 996 1347 census
1015 1310 1190 1353 honores,

205 1362 349 1399 Census
369 1362 549 1400 amicitias
566 1375 574 1399 z
605 1376 745 1412 pauper
765 1364 905 1412 ubique
917 1363 1033 1411 jacet.

151 1414 213 1452 Tu
231 1420 371 1461 tamen,
392 1417 597 1466 auspicium
618 1417 648 1453 si
669 1417 718 1454 sit
737 1417 843 1466 stipis
863 1417 967 1462 utile,
989 1416 1137 1465 quaeris,

206 1468 357 1517 Curque
370 1469 507 1518 juvent
526 1477 672 1507 nostras
688 1481 763 1507 aera
781 1475 930 1508 vetusta
947 1482 1094 1508 manus.
1257 1468 1336 1506 220

150 1523 240 1560 AEra
255 1523 398 1561 dabant
416 1523 527 1567 olim3
558 1524 691 1561 melius
710 1536 812 1561 nunc
831 1535 941 1561 omen
959 1523 1000 1560 in
1019 1535 1112 1562 auro
1131 1527 1198 1569 est,

205 1575 392 1626 Victaque
411 1577 584 1615 concedit
604 1578 725 1626 prisca
743 1584 894 1615 moneta
912 1589 1035 1614 novae.

152 1629 233 1667 Nos
252 1643 400 1680 quoque
419 1631 559 1680 templa
580 1631 731 1681 juvant,
752 1631 921 1680 quamvis
940 1631 1096 1681 antiqua
1122 1629 1335 1681 probemus,

205 1684 332 1722 Aurea
352 1698 361 1729 3
390 1685 564 1733 majestas
582 1685 759 1723 convenit
777 1686 851 1724 ista
871 1685 957 1722 deo.

152 1736 370 1776 Laudamus
390 1745 544 1784 vetereS,
566 1739 632 1776 sed
653 1738 790 1776 nostris
804 1739 946 1777 utimur
965 1737 1097 1783 annis3
1257 1736 1337 1774 225

206 1791 291 1829 Mos
310 1797 436 1830 tamen
456 1798 512 1830 est
534 1804 640 1841 aeque
659 1793 797 1841 dignus
816 1798 974 1840 uterque
993 1791 1076 1829 coli.

153 1843 321 1884 Finierat
339 1846 518 1883 monitus.
578 1846 739 1882 Placidis
758 1847 811 1883 ita
824 1859 964 1890 rursus,
980 1849 1025 1884 ut
1040 1849 1140 1890 ante,

207 1898 447 1948 Clavigerum
465 1899 588 1936 verbis
607 1900 776 1946 alloquor
789 1900 869 1949 ipse
888 1900 1001 1936 deum
1020 1912 1029 1937 :

153 1951 278 1990 Multa
297 1953 448 2002 quidem
467 1953 582 1989 didici
603 1966 611 1997 ;
643 1953 709 1990 sed
729 1966 794 1990 cur
814 1953 957 1990 navalis
975 1953 1015 1989 in
1035 1964 1110 1990 aere

203 2006 338 2044 Altera
356 2006 503 2055 signata
523 2012 591 2050 est,
612 2006 729 2044 altera
748 2007 868 2043 forma
885 2007 1012 2055 biceps
1029 2006 1048 2043 ⁸?
1256 2004 1336 2043 230

154 2060 319 2098 Noscere
337 2072 397 2096 me
416 2060 558 2109 duplici
576 2073 701 2109 posses
717 2061 755 2096 in
770 2061 945 2109 imagine,
959 2059 1069 2107 dixit,

210 2114 262 2150 Ni
282 2118 390 2151 vetus
410 2113 490 2162 ipsa
509 2114 588 2151 dies
609 2120 831 2152 extenuaret
850 2127 954 2163 opus.

156 2167 279 2205 Causa
297 2167 388 2205 ratis
408 2173 579 2216 superest
601 2181 608 2205 :
650 2168 815 2204 Tuscum
832 2174 913 2206 rate
932 2166 1036 2206 venit
1053 2167 1094 2204 in
1112 2179 1260 2205 amnem

206 2221 312 2260 Ante
328 2226 520 2270 pererrato
539 2221 681 2259 falcifer
699 2222 790 2258 orbe
804 2221 908 2259 deus.

153 2273 240 2311 Hac
258 2288 330 2323 ego
351 2274 557 2312 Saturnum
577 2275 728 2312 memini
744 2275 879 2313 tellure
897 2279 1092 2325 receptum
1113 2287 1122 2319 ;
1259 2272 1338 2312 235

209 2328 406 2366 Coelitibus
420 2329 548 2378 regnis
566 2330 614 2366 ab
632 2328 730 2366 Jove
749 2329 879 2378 pulsus
894 2334 986 2366 erat.
1231 2346 1238 2349 ⁷

155 2381 251 2418 Inde
269 2382 334 2419 diu
353 2382 459 2426 genti
479 2383 616 2421 mansit
636 2382 814 2420 Saturnia
831 2394 995 2420 nomen:

208 2434 326 2474 Dicta
343 2446 491 2485 quoque
510 2441 568 2474 est
581 2436 732 2475 Latium
752 2442 864 2482 terra,
884 2436 1028 2475 latente
1041 2434 1127 2474 deo.
