1414 2666
175 178 224 215 12
574 188 613 215 Ρ.
643 187 769 216 ovmn
794 187 957 215 NAsoms
1255 175 1352 230 [Lm.

227 284 324 322 Tota
343 288 447 334 patet
467 285 594 322 demta
604 284 722 334 janua
741 292 870 323 nostra
887 297 983 322 sera.
1272 287 1352 325 280

173 337 271 375 Pace
289 338 387 376 fores
407 338 517 382 obdo,
539 351 588 375 ne
607 351 681 388 qua
699 338 891 376 discedere
908 338 1026 387 possit
1042 351 1051 375 ε

227 390 471 440 Caesareoque
489 391 556 428 diu
575 392 725 429 nomine
737 392 884 429 clausus
901 405 980 430 ero.

170 443 281 483 Dixit
297 458 305 489 ;
336 451 385 491 et,
407 445 582 483 attollens
601 446 728 483 oculos
748 446 894 482 diversa
913 450 1074 491 tuentes,

222 498 410 548 Adspexit
424 504 506 538 toto
525 499 702 548 quicquid
719 499 758 536 in
779 499 869 536 orbe
885 499 957 537 fuit
977 511 987 547 ;

171 550 252 588 Pax
271 557 351 590 erat
372 567 379 590 :
411 558 449 591 et
468 553 593 598 vestri,
617 552 852 595 Germanice,
867 565 979 590 causa
996 552 1178 602 triumphi
1269 554 1346 592 285

224 605 452 644 Tradiderat
469 607 627 644 famulas
639 606 718 655 jam
739 607 808 644 tibi
828 606 986 643 Rhenus
1005 619 1134 655 aquas.

166 658 275 705 Jane,
296 659 376 697 face
395 666 566 706 aeternos,
587 673 727 709 pacem,
748 659 924 709 pacisque
941 660 1132 697 ministros
1152 673 1160 697 :

221 712 328 750 Neve
344 727 464 759 suum,
485 719 633 763 praesta,
656 714 802 752 deserat
821 718 953 751 auctor
972 726 1079 762 opus.

167 765 281 811 Quod
301 772 427 804 tamen
447 781 492 804 ex
511 768 600 816 ipsis
618 767 726 805 licuit
744 767 835 803 mihi
854 767 997 804 discere
1014 766 1119 805 fastis
1138 779 1148 811 ;

218 820 418 858 Sacravere
437 826 562 870 patres
580 821 650 858 hac
669 821 746 857 duo
764 820 905 869 templa
922 820 998 858 die.
1266 821 1345 860 290

162 872 321 923 Accepit
342 874 483 911 Phoebo
502 874 754 924 Nymphaque
775 873 965 911 Coronide
982 878 1115 912 natum

215 927 354 973 Insula,
376 928 530 965 dividua
548 941 660 977 quam
675 927 810 977 premit
825 927 944 964 amnis
963 939 1073 977 aqua.

161 979 314 1030 Jupiter
331 981 372 1018 in
391 987 498 1031 parte
517 987 584 1019 est.
642 981 754 1031 Cepit
772 982 876 1019 locus
896 993 994 1018 unus
1011 986 1226 1031 utrumque,

214 1035 240 1072 J
243 1041 431 1084 unctaque
445 1040 534 1073 sunt
553 1047 691 1084 magno
710 1035 849 1084 templa
863 1034 1010 1084 nepotis
1029 1048 1112 1073 avo.

163 1088 266 1134 Quid
286 1094 389 1127 vetat
408 1097 446 1127 et
465 1089 591 1127 stellas
610 1094 654 1127 ut
673 1100 831 1139 quaeque
845 1089 1040 1138 oriturque
1058 1090 1245 1139 caditque,
1265 1090 1342 1130 295

214 1142 354 1180 Dicere
367 1142 386 1180 ‚⁹
414 1143 584 1192 promissi
599 1156 684 1192 pars
705 1143 754 1181 sit
774 1148 812 1181 et
831 1143 903 1181 ista
921 1143 1008 1180 mei.

161 1196 303 1233 Felices
323 1197 476 1242 animos,
499 1198 634 1246 quibus
653 1196 734 1233 haec
753 1208 979 1245 cognoscere
998 1196 1137 1247 primis,

213 1249 333 1298 Inque
352 1250 483 1287 domos
501 1263 654 1300 superas
673 1250 851 1287 scandere
864 1262 953 1287 cura
972 1250 1044 1288 fuit
1063 1251 1072 1288 !

159 1303 349 1341 Credibile
367 1309 423 1341 est
441 1304 526 1342 illos
545 1304 684 1354 pariter
703 1304 877 1353 vitiisque
895 1303 1060 1353 locisque

211 1357 339 1394 Altius
359 1357 531 1395 humanis
550 1358 756 1395 exseruisse
774 1361 902 1406 caput.
1259 1358 1339 1396 300

157 1410 247 1447 Non
266 1410 397 1448 Venus
413 1418 450 1449 et
466 1412 595 1448 vinum
615 1411 789 1448 sublimia
808 1419 961 1460 pectora
979 1410 1104 1462 fregit,

210 1463 431 1501 Officiumve
450 1465 531 1511 fori,
549 1465 739 1502 milit-iaeve
757 1465 863 1501 labor
877 1477 886 1508 ;

153 1517 235 1555 Nec
253 1517 344 1555 levis
359 1518 524 1564 ambitio,
545 1518 767 1569 perfusaque
784 1517 906 1567 gloria
922 1517 1020 1565 suco,

209 1571 483 1620 Magnarumve
500 1573 616 1610 fames
635 1572 836 1610 solicitavit
855 1584 982 1621 opum.

161 1625 378 1663 Admovere
397 1626 514 1663 oculis
534 1626 714 1664 distantia
730 1626 852 1663 sidera
867 1626 988 1672 terris,
1256 1627 1335 1666 305

205 1678 431 1728 AEtheraque
450 1680 602 1729 ingenio
622 1692 850 1729 supposuere
867 1691 949 1717 suo.

154 1732 216 1769 Sic
235 1733 377 1781 petitur
396 1734 529 1770 coelum
551 1747 559 1772 :
589 1746 667 1771 non
684 1738 728 1771 ut
747 1733 842 1771 fera-t
863 1732 998 1771 Ossam
1018 1732 1217 1784 Olympus,

207 1785 434 1834 Summaque
457 1787 626 1825 Peliacus
644 1787 767 1824 sidera
786 1792 920 1835 tangat
938 1799 1047 1836 apex.

152 1839 233 1876 Nos
253 1851 400 1889 quoque
419 1841 488 1878 sub
507 1841 665 1878 ducibus
684 1841 818 1877 coelum
836 1840 1062 1878 metabimur
1085 1841 1170 1888 illis,

205 1892 467 1943 Ponemusque
486 1907 572 1932 suos
591 1894 640 1932 ad
659 1899 758 1932 stata
776 1893 884 1942 signa
902 1893 994 1931 dies.
1253 1895 1334 1933 310

150 1999 254 2048 Ergo
273 2001 338 2037 ubi
357 2013 433 2038 nox
452 2001 573 2039 aderit
591 2001 758 2039 venturis
778 2000 890 2039 tertia
909 2000 1043 2048 Nonis,

203 2054 412 2103 Sparsaque
430 2055 570 2092 eoelesti
584 2068 669 2092 rore
687 2054 853 2092 madebit
871 2054 1007 2092 humus
1022 2068 1032 2099 3

149 2107 344 2157 Octipedis
363 2108 503 2146 frustra
521 2114 744 2158 quaeruntur
763 2108 915 2146 brachia
935 2108 1096 2147 Cancri:

202 2161 373 2212 Praeceps
393 2162 566 2200 occiduas
584 2163 648 2200 ille
666 2162 805 2200 subivit
824 2174 952 2211 aquas.

146 2214 360 2254 Institerint
379 2216 502 2253 Nonae
523 2229 532 2260 3
561 2216 663 2254 missi
680 2216 750 2254 tibi
769 2215 933 2253 nubibus
951 2216 1043 2254 atris
1245 2216 1323 2254 315

199 2268 317 2318 Signa
336 2269 481 2308 dabunt
500 2270 648 2316 imbres,
669 2269 862 2308 exoriente
881 2269 996 2320 Lyra.

144 2375 318 2422 Quatuor
338 2376 435 2414 adde
455 2377 534 2415 dies
553 2377 677 2416 ductis
697 2389 743 2415 ex
762 2376 894 2414 ordine
911 2376 1035 2415 Nonis
1055 2390 1066 2421 ;

148 2475 150 2477 μ
194 2428 316 2468 Janus
336 2431 501 2479 Agonali
520 2431 604 2469 luce
623 2431 784 2481 piandus
804 2431 890 2469 erit.
