1414 2666
157 155 207 195 66
552 171 586 198 P.
617 153 741 199 ox'rinn
767 170 928 198 NASONIS
1232 161 1328 212 [nm.

156 263 306 302 Viscera
324 266 386 315 qui
408 262 505 304 tauri
529 269 684 305 flammis
703 268 888 305 adolenda
906 267 1080 312 dedisset,

211 318 298 356 Sors
318 326 408 364 erat,
427 325 586 359 oeternos
605 322 752 359 vineere
770 334 876 371 posse
895 321 998 358 deos.

156 371 330 410 immolat
350 372 450 411 hunc
471 375 645 413 Briareus
663 375 761 414 facta
780 388 824 412 ex
843 375 1042 412 adamante
1061 374 1180 412 securi
1197 389 1205 411 :
1253 375 1335 414 805*

164 444 165 447 ¹
211 425 260 463 Et
274 426 352 475 jam
367 426 444 475 jam
463 429 619 466 flammis
636 435 721 467 exta
741 430 897 466 daturus
915 434 1006 466 erat.

155 478 305 528 Jupiter
325 481 474 519 alitibus
489 495 619 532 rapere
637 483 808 532 imperat.
866 482 1010 520 Attulit
1027 480 1082 523 illi

209 533 349 571 Miluus
370 549 377 572 :
409 541 446 573 et
465 537 606 574 meritis
621 538 724 575 venit
742 537 782 573 in
802 541 901 574 astra
920 536 1008 573 suis.

156 636 242 672 Una
261 637 339 675 dies
358 639 481 677 media
500 645 567 685 est,
589 645 626 678 et
646 640 742 677 fiunt
760 652 862 676 saera
883 639 1066 676 Minervae
1087 653 1095 683 ;

206 690 442 741 Nominaque
462 692 635 743 ajunetis
655 694 820 743 quinque
839 693 971 729 diebus
990 693 1141 731 habent.
1251 694 1328 732 810

155 742 347 792 Sanguine
366 747 484 795 prima
504 754 631 785 vacat:
663 760 731 784 nee
745 747 799 783 fas
816 759 1038 784 concurrere
1056 746 1169 784 ferro.

208 797 337 843 Causa,
360 801 461 848 quod
481 807 536 838 est
554 801 618 838 illa
636 806 726 838 nata
746 800 915 837 Minerva
934 801 1008 837 die.

151 850 294 897 Altera,
317 859 463 901 tresque
482 867 591 904 super
610 860 727 892 strata
746 854 980 891 celebrantur
999 866 1124 891 arena.

206 904 367 943 Ensibus
387 910 543 946 exsertis
563 909 694 945 bellica
712 908 796 945 laeta
816 907 885 944 dea
906 912 974 945 est.

153 957 307 996 Pallada
327 973 426 998 nune
445 963 562 1011 pueri,
584 968 797 1011 teneraeque
817 966 947 998 ornate
965 961 1112 1010 puellae.
1248 963 1344 1001 815.

206 1013 282 1058 Qui
302 1014 396 1052 bene
415 1016 572 1065 placarit
595 1016 758 1059 Pallada,
779 1015 912 1052 doctus
931 1015 1014 1053 erit.

156 1065 306 1104 Pallade
325 1068 480 1117 placata,
502 1070 624 1107 lanam
643 1069 787 1106 mollire
805 1069 938 1118 puellae

207 1120 374 1167 Diseant,
397 1130 434 1161 et
453 1124 580 1172 plenas
600 1135 801 1161 exonerare
820 1123 934 1160 colos.

154 1173 222 1210 llla
242 1176 351 1212 etiam
374 1183 514 1215 stantes
533 1178 638 1215 radio
658 1189 872 1227 percurrere
891 1175 984 1214 telas

149 1246 152 1259 ι
204 1227 351 1275 Erudit,
373 1236 411 1268 et
430 1244 551 1268 rarum
569 1232 714 1281 pectine
728 1231 860 1268 denset
874 1242 980 1278 opus.
1247 1231 1325 1269 820

150 1280 262 1319 Hane
281 1284 371 1329 cole,
391 1285 454 1333 qui
473 1286 632 1322 maculas
647 1285 744 1322 laesis
763 1285 810 1321 de
830 1284 994 1321 vestibus
1012 1283 1134 1320 aufers
1155 1297 1164 1321 z

203 1336 313 1373 Hanc
333 1338 423 1383 cole,
443 1339 639 1376 velleribus
659 1338 821 1387 quisquis
840 1338 959 1374 ahena
975 1349 1096 1386 paras.

149 1388 230 1427 Nee
249 1391 442 1440 quisquam
459 1393 576 1430 invita
595 1393 704 1430 faciet
722 1393 818 1429 bene
836 1390 983 1429 vincula
1001 1391 1139 1440 plantae

202 1443 352 1482 Pallade
373 1458 381 1491 3
411 1446 458 1484 sit
480 1447 622 1496 Tychio
642 1446 788 1483 doctior
802 1444 864 1482 ille
882 1444 981 1482 licet.

149 1496 202 1536 Et
221 1499 307 1536 lieet
326 1500 477 1548 antiquo
496 1501 665 1537 manibus
683 1499 840 1537 collatus
861 1498 966 1548 Epeo
1245 1498 1322 1536 825

203 1552 259 1590 Sit
278 1553 378 1602 prior
398 1567 406 1598 3
436 1554 532 1592 irata
552 1554 705 1592 Pallade
723 1565 875 1590 maneus
895 1552 976 1590 erit.
1268 1562 1273 1577 ¹

147 1607 226 1645 Vos
245 1620 404 1656 quoque,
427 1608 588 1645 Phoebea
607 1609 755 1645 morbos
775 1608 837 1656 qui
856 1605 994 1655 pellitis
1012 1610 1106 1651 arte,

202 1661 360 1699 Munera
379 1662 426 1699 de
446 1663 576 1701 vestris
595 1675 713 1712 pauca
731 1661 866 1698 referte
885 1659 977 1697 deae.

147 1714 229 1752 Nee
248 1728 312 1752 vos
332 1717 441 1753 turba
456 1717 574 1762 deam,
592 1729 705 1753 censu
725 1715 909 1759 fraudata,
930 1712 1100 1761 magistri

203 1769 373 1818 Spernite
394 1783 401 1807 :
432 1770 631 1820 discipulos
652 1769 814 1808 attrahet
833 1768 897 1805 illa
914 1779 1044 1804 novos.
1242 1765 1319 1804 830

149 1823 298 1872 Quique
320 1837 444 1861 moves
464 1825 607 1869 eoelum,
624 1824 860 1871 tabulamque
880 1820 1065 1858 coloribus
1084 1820 1161 1858 uris
1180 1833 1190 1864 3

202 1879 350 1927 Quique
368 1878 456 1916 faeis
476 1880 588 1916 docta
606 1878 731 1915 mollia
751 1889 840 1914 saxa
858 1887 984 1912 manu.

146 1931 252 1969 Mille
270 1933 339 1969 dea
359 1938 414 1971 est
434 1945 584 1982 operum
606 1946 614 1976 ;
645 1937 744 1969 certe
763 1931 833 1968 dea
852 1928 1024 1966 carminis
1041 1926 1106 1965 illa
1124 1931 1180 1966 est
1200 1939 1208 1971 ;

199 1987 239 2023 Si
258 1999 410 2029 mereor,
432 1987 564 2024 studiis
583 1986 680 2024 adsit
698 1984 816 2021 amica
834 1984 938 2020 meis.

144 2039 282 2078 Coelius
302 2054 348 2078 ex
367 2042 443 2079 alto
462 2054 535 2090 qna
550 2053 655 2077 mons
675 2037 869 2076 deseendit
888 2037 927 2074 in
948 2047 1097 2085 aequum
1118 2047 1127 2078 3
1237 2034 1315 2072 835

196 2094 272 2132 Hie
287 2096 351 2131 ubi
370 2108 447 2132 non
466 2096 577 2144 plana
596 2099 662 2140 est,
685 2093 750 2130 sed
770 2103 886 2142 prope
904 2091 1017 2140 plana
1031 2089 1092 2126 via
1111 2093 1167 2127 est
1184 2102 1191 2126 :

140 2147 261 2186 Parva
279 2149 367 2186 licet
386 2149 512 2186 videas
528 2149 657 2197 Captae
678 2147 834 2184 delubra
855 2145 1049 2190 Minervae,

194 2202 289 2247 Quae
311 2203 381 2239 dea
399 2203 515 2243 natali
534 2202 646 2251 eoepit
658 2201 796 2238 habere
815 2211 894 2236 suo.

137 2254 310 2293 Nominis
326 2257 365 2293 in
385 2257 499 2294 dubio
519 2268 628 2293 eausa
647 2260 716 2292 est.
773 2252 943 2302 Capitale
962 2262 1137 2289 vocamus

190 2309 387 2358 Ingenium
404 2311 533 2348 sollers
554 2324 562 2348 :
584 2308 779 2358 ingeniosa
798 2307 869 2344 dea
886 2310 956 2344 est.
1237 2301 1314 2340 840

137 2365 211 2409 An,
233 2364 321 2413 quia
339 2365 387 2401 de
406 2365 538 2415 eapitis
557 2364 676 2401 fertur
694 2362 775 2399 sine
791 2365 911 2398 matre
928 2357 1078 2409 paterni

185 2417 339 2457 Vertice
358 2431 444 2456 cum
463 2419 598 2470 clypeo
617 2416 830 2468 prosiluisse
847 2426 915 2453 suo
934 2413 954 2452 Ξ)
