1475 2712
513 180 724 209 CARMINUM
751 178 796 206 11.

283 278 438 315 Grande
451 278 563 314 decus
578 276 824 324 columenque
843 288 981 314 rerum.

174 329 235 367 Ah
257 331 264 368 Ξ
284 337 325 370 te
342 344 446 369 meae
463 331 494 368 si
512 335 656 378 partem
675 329 821 367 animae
839 330 938 379 rapit

173 383 359 422 Maturior
377 385 442 429 vis,
462 383 553 432 quid
572 395 695 420 moror
716 383 845 426 altera,

228 439 308 475 Nec
327 451 434 475 carus
454 449 582 486 aeque,
603 449 672 474 nec
691 443 879 485 superstes

279 492 433 540 Integer
447 490 466 527 ἶ)
524 490 593 527 Ille
611 490 691 528 dies
710 495 908 538 utramque

171 544 297 582 Ducet
316 546 474 581 ruinam.
530 543 619 580 Non
638 556 710 592 ego
730 543 912 592 perfidum

175 598 266 635 Dixi
286 602 557 635 sacramentum
577 610 585 634 :
615 597 762 641 ibimus,
783 597 930 641 ibimus,

229 652 431 700 Utcunque
450 650 660 700 praecedes,
680 662 893 699 supremum

281 704 446 754 Carpere
464 705 536 742 iter
555 704 708 741 comites
727 703 862 753 parati.

172 757 235 796 Me
254 770 323 796 nec
343 759 560 795 Chimaerae
580 757 731 806 spiritus
750 757 895 806 igneae,

169 811 262 856 Nee,
285 812 314 848 si
335 816 517 861 resurgat,
537 811 771 850 centimanus
793 810 923 860 Gyges

224 864 391 903 Divellet
406 877 571 914 unquam
592 878 601 903 ι
631 865 683 902 sic
701 864 848 913 potenti

270 918 296 956 J
298 919 448 956 ustitiae
466 919 717 968 placitumque
738 917 875 955 Parcis.

171 972 245 1009 Seu
265 971 390 1018 Libra,
412 985 478 1010 seu
497 985 556 1010 me
576 971 751 1020 Scorpius
770 971 929 1021 adspicit

171 1025 462 1070 Formidolosus‚
481 1038 566 1074 pars
584 1024 783 1063 violentior

219 1078 367 1116 Natalis
386 1079 510 1124 horae,
532 1091 597 1116 seu
616 1083 802 1128 tyrannus

273 1131 480 1181 Hesperiae
497 1132 746 1181 Capricornus
765 1131 889 1169 undae
905 1145 915 1176 ;

169 1185 382 1233 Utrumque
401 1190 572 1223 nostrum
590 1184 815 1221 incredibilli
830 1185 942 1222 modo

169 1238 367 1276 Consentit
385 1243 538 1276 astrum.
596 1238 651 1275 Te
670 1238 696 1275 J
699 1238 777 1275 ovis
796 1238 910 1287 impio

223 1292 361 1330 Tutela
382 1291 544 1329 Saturno
563 1291 753 1340 refulgens

275 1345 436 1394 Eripuit,
457 1345 692 1394 volucrisque
711 1344 779 1382 fati

171 1398 353 1437 Tardavit
372 1399 460 1444 alas,
481 1411 595 1448 quum
616 1398 776 1447 populus
794 1398 969 1447 frequens

170 1451 332 1490 Laetum
350 1452 506 1490 theatris
525 1456 583 1489 ter
602 1452 747 1500 crepuit
766 1464 899 1490 sonum
920 1465 928 1489 z

226 1505 289 1543 Me
308 1511 464 1543 truncus
483 1505 636 1554 illapsus
655 1505 808 1542 cerebro

277 1559 497 1604 Sustulerat,
516 1559 589 1595 nisi
610 1558 762 1596 Faunus
781 1558 897 1597 ictum

170 1612 318 1651 Dextra
330 1613 501 1658 levasset,
523 1612 804 1650 Mercurialium

173 1665 309 1704 Custos
329 1666 504 1704 virorum.
562 1666 740 1703 Reddere
759 1665 928 1703 victimas

222 1719 442 1768 Aedemque
460 1719 624 1758 votivam
644 1724 832 1756 memento
847 1732 854 1756 :

275 1772 355 1811 Nos
374 1772 553 1810 humilem
571 1772 745 1810 feriemus
763 1785 913 1822 aguam.

533 1849 622 1887 ODE
643 1849 792 1887 XVIII.

278 1940 370 1977 NON
388 1941 492 1987 ebur,
513 1953 636 1990 neque
655 1953 811 1978 aureum

171 1994 259 2032 Mea
276 1994 425 2032 renidet
443 1994 484 2030 in
503 1994 616 2031 domo
633 1994 790 2031 lacunar
806 2009 814 2032 :

276 2047 366 2084 Non
385 2048 510 2085 trabes
531 2047 751 2097 Hymettiae

173 2100 357 2138 Premunt
372 2101 563 2138 columnas
581 2101 715 2140 ultima
732 2100 868 2139 recisas

279 2154 431 2192 Africa:
459 2167 583 2203 neque
601 2154 724 2193 Attali

175 2207 334 2257 Ignotus
347 2207 456 2245 heres
474 2207 617 2256 regiam
635 2208 836 2258 occupavi3

274 2261 356 2298 Nec
371 2261 576 2299 Laconicas
595 2261 686 2298 mihi

172 2313 346 2353 Trahunt
363 2314 544 2353 honestae
561 2327 747 2364 purpuras
761 2314 937 2353 clientae.

279 2368 336 2406 At
348 2368 454 2414 fides,
473 2372 512 2407 et
529 2368 661 2418 ingeni

175 2420 348 2471 Benigna
363 2433 460 2461 vena
476 2426 533 2461 est
553 2435 562 2468 ;
582 2432 859 2473 pauperemque
876 2421 982 2461 dives

1196 169 1247 207 39

1221 329 1244 366 (ἐκ

1198 596 1247 633 10

1199 2419 1250 2458 10
