1475 2712
557 183 771 212 CARMINUM
798 182 827 209 Ι.

217 281 399 320 Blandum
416 287 452 319 et
471 280 604 318 auritas
623 277 755 315 fidibus
774 280 917 315 canoris

425 332 570 371 Ducere
588 343 757 381 quercus.

218 387 316 434 Quid
335 388 431 437 prius
449 387 570 425 dicam
590 386 700 423 solitis
715 385 878 423 Parentis

217 440 415 487 Laudibus,
435 441 495 489 qui
516 453 571 477 res
591 438 782 476 hominum
801 451 848 475 ac
866 439 1031 484 deorum,

215 494 290 540 Qui
311 505 409 532 mare
428 505 473 531 ac
490 499 600 531 terras
611 493 792 542 variisque
815 492 993 530 mundum

427 547 624 598 Temperat
642 544 739 583 horis
757 546 778 585 ⁴?

217 599 323 639 Unde
341 600 390 637 nil
412 600 532 649 majus
551 605 739 650 generatur
756 599 835 649 ipso
851 612 861 647 ς

215 654 298 692 Nec
316 654 410 702 viget
428 654 627 704 quidquam
646 653 778 698 simile,
797 659 861 690 aut
879 651 1085 691 secundum
1106 664 1115 689 z

219 707 409 746 Proximos
424 708 471 745 illi
492 717 616 745 tamen
636 707 835 757 occupavit

424 761 544 799 Pallas
562 761 733 798 honores.

217 814 365 852 Proeliis
384 815 520 861 audax,
540 826 659 864 neque
676 820 711 851 te
730 813 857 861 silebo,

216 867 336 913 Liber,
355 874 391 906 et
407 869 524 906 saevis
538 869 689 906 inimica
710 867 818 916 Virgo

218 921 377 970 Belluis;
407 933 477 959 nec
495 931 544 968 te,
564 919 759 959 metuende
779 926 880 958 certa

427 974 576 1013 Phoebe
597 975 735 1023 sagitta.

220 1026 354 1066 Dicam
372 1034 409 1065 et
428 1028 600 1076 Alciden,
619 1039 822 1078 puerosque
843 1026 979 1073 Ledae,

219 1079 335 1118 Hunc
353 1082 468 1131 equis,
489 1083 589 1119 illum
610 1093 779 1131 superare
798 1080 928 1131 pugnis

220 1134 392 1173 Nobilem
411 1148 420 1173 z
446 1148 602 1184 quorum
618 1134 724 1173 simul
744 1135 828 1171 alba
846 1133 965 1172 nautis

433 1187 544 1226 Stella
564 1188 714 1234 refulsit,

222 1240 361 1279 Defluit
379 1243 478 1279 saxis
494 1243 647 1291 agitatus
665 1241 798 1279 humor
817 1254 826 1289 3

225 1295 433 1333 Concidunt
448 1296 560 1343 venti,
578 1295 793 1345 fugiuntque
812 1293 929 1331 nubes
944 1307 954 1342 ;

224 1347 274 1385 Et
290 1350 431 1396 minax,
451 1362 541 1387 nam
560 1350 613 1386 sic
631 1349 793 1395 voluere,
811 1354 925 1399 ponto

436 1401 545 1441 Unda
564 1403 758 1440 recumbit.

228 1453 425 1493 Romulum
444 1462 525 1506 post
544 1457 611 1495 hos
629 1457 743 1507 prius,
763 1468 810 1493 an
829 1456 994 1505 quietum

226 1508 385 1559 Pompili
393 1521 542 1558 regnum
561 1521 774 1556 memorem,
794 1521 842 1546 an
861 1508 1037 1558 superbos

225 1561 401 1613 Tarquini
418 1563 552 1610 fasces,
570 1563 706 1611 dubito,
726 1575 772 1601 an
794 1563 944 1601 Catonis

439 1616 573 1655 Nobile
591 1617 717 1656 letum.

232 1668 421 1719 Regulum,
437 1678 473 1708 et
493 1670 663 1717 Scauros,
683 1671 903 1719 animaeque
921 1679 1076 1718 magnae

231 1723 423 1773 Prodigum
444 1723 628 1770 Paullum,
645 1729 838 1774 supernate
859 1723 997 1769 Poeno,

232 1776 365 1815 Gratus
383 1778 509 1827 insigni
528 1777 683 1815 reseram
698 1789 869 1823 camena,

442 1831 741 1881 Fabriciumque.

234 1883 360 1931 Hunc,
379 1890 416 1922 et
433 1885 602 1922 incomtis
618 1884 774 1922 Curium
792 1884 947 1933 capillis,

232 1937 366 1976 Utilem
385 1938 480 1976 bello
499 1937 589 1985 tulit,
605 1944 642 1975 et
662 1938 874 1983 Camillum,

232 1990 353 2029 Saeva
367 1998 576 2043 paupertas,
595 1998 632 2029 et
650 1992 770 2029 avitus
785 1997 871 2040 apto

443 2044 546 2083 Cum
566 2047 640 2083 lare
658 2044 804 2083 fundus.

237 2097 386 2146 Crescit,
407 2100 553 2137 occulto
581 2100 681 2137 velut
699 2099 804 2136 arbor
821 2109 929 2146 aevo,

235 2151 354 2189 Fama
373 2152 566 2191 Marcelli:
597 2153 709 2190 micat
726 2152 818 2189 inter
836 2163 965 2189 omnes

236 2204 374 2244 Julium
395 2205 505 2252 sidus,
521 2206 622 2243 velut
636 2207 728 2243 inter
745 2207 845 2255 ignes

449 2259 556 2297 Luna
574 2260 746 2296 minores.

234 2312 362 2350 Gentis
380 2311 566 2351 humanae
583 2318 684 2363 pater
701 2319 809 2362 atque
827 2318 962 2358 custos,

239 2366 326 2404 Orte
347 2366 512 2413 Saturno,
531 2367 594 2404 tibi
613 2379 702 2403 cura
722 2366 842 2414 magni

241 2420 408 2459 Caesaris
427 2419 508 2458 fatis
525 2420 610 2458 data
626 2432 635 2457 z
663 2426 703 2457 tu
721 2418 882 2458 secundo

1238 171 1285 208 11

1246 490 1289 526 15

1246 1025 1296 1062 ‘25

1252 1292 1300 1328 30

1256 1559 1304 1596 35

1259 2094 1311 2132 45
