1475 2712
57 233 112 286 1.]
468 228 815 269 Gnonercon.
1201 228 1244 263 13

57 341 255 390 Agricola,
276 345 314 377 et
332 339 462 388 fragili
475 337 557 386 jam
579 337 784 386 stringeret
805 335 945 371 hordea
966 334 1102 378 culmo,

59 395 199 434 Omnia
219 398 421 430 ventorum
440 402 667 428 concurrere
689 389 823 436 proclia
843 388 933 432 vidi,

61 447 156 494 Quae
176 446 374 494 gravidam
395 446 471 481 late
492 450 660 492 segetem
681 444 728 479 ab
749 442 942 479 radicibus
961 440 1047 476 imis

60 500 267 538 Sublimem
288 498 486 546 expulsam
508 503 703 539 eruerent3
723 496 776 532 ita
797 495 951 531 turbine
972 493 1084 541 nigro
1171 494 1248 529 320

59 554 195 591 Ferret
213 553 335 590 hiems
354 551 598 599 culmumque
617 550 741 586 levem
762 548 1000 596 stipulasque
1020 547 1208 583 volantes.

61 606 167 656 Saepe
187 607 302 643 etiam
322 607 550 641 immensum
570 603 666 640 coelo
686 602 794 639 venit
814 614 951 649 agmen
972 612 1173 647 aquarum,

58 661 111 697 Et
130 660 267 696 soedam
288 658 502 707 glomerant
520 662 787 704 tempestatem
807 654 996 691 imbribus
1016 653 1109 690 atris

62 713 240 751 Collectae
258 724 308 748 ex
328 711 404 747 alto
425 711 563 752 nubes3
583 710 662 745 ruit
684 710 826 745 arduus
846 707 977 750 aether,

60 767 111 803 Et
131 766 265 815 pluvia
282 764 432 812 ingenti
453 770 534 800 sata
554 764 642 799 laeta
660 763 851 808 boumque
870 761 1020 797 labores
1174 759 1249 795 325

62 819 204 861 Diluit3
223 818 434 866 implentur
452 816 573 860 fossae,
596 823 634 852 et
653 828 748 852 cava
767 814 928 850 flumina
947 819 1125 850 crescunt

62 871 163 910 Cum
183 872 321 915 sonitu,
342 870 543 918 fervetque
564 868 673 906 fretis
694 868 930 916 spirantibus
950 878 1093 915 aequor.

62 926 150 972 Ipse
166 925 284 961 Pater
302 923 428 960 media
447 924 664 959 nimborum
684 923 724 957 in
745 927 855 957 nocte
876 932 1034 957 corusca

62 978 242 1015 Fulmina
261 977 418 1014 molitur
439 977 590 1013 dextra:
611 988 687 1024 quo
706 986 887 1011 maxuma
906 979 1012 1010 motu

63 1032 186 1068 Terra
205 1031 348 1073 tremit,
370 1029 505 1077 fugere
525 1029 630 1072 ferae,
646 1035 683 1064 et
702 1028 879 1064 mortalia
898 1027 1013 1063 corda
1175 1026 1253 1061 330

62 1085 140 1122 Per
158 1089 292 1132 gentes
311 1083 476 1119 humiles
496 1082 635 1119 stravit
654 1094 790 1130 pavor:
810 1081 875 1116 ille
894 1079 1075 1128 flagranti

63 1139 148 1174 Aut
168 1137 314 1179 Athon,
337 1141 403 1172 aut
424 1135 649 1183 Rhodopen,
672 1141 737 1170 aut
759 1134 835 1170 alta
857 1132 1050 1170 Ceraunia
1072 1131 1148 1168 telo

63 1189 224 1238 Dejicit3
243 1189 484 1238 ingeminant
504 1187 625 1225 austri
646 1193 683 1224 et
702 1186 952 1223 densissimus
972 1186 1113 1228 imber;

64 1243 181 1280 Nunc
199 1255 355 1279 nemora
374 1242 523 1290 ingenti
545 1247 673 1285 vento,
692 1252 795 1276 nunc
814 1240 928 1276 litora
947 1239 1146 1287 plangunt.

66 1297 153 1334 Hoc
177 1301 362 1340 metuenS,
385 1295 468 1331 coeli
487 1306 637 1331 menses
657 1301 694 1330 et
714 1294 840 1330 sidera
860 1305 970 1329 serva
978 1307 988 1335 ;
1178 1291 1254 1327 335

64 1349 225 1397 Frigida
245 1347 400 1384 Saturni
421 1360 502 1385 sese
523 1360 598 1396 quo
619 1347 729 1384 stella
748 1351 930 1395 receptet,
1230 1338 1235 1343 ⁹

67 1401 173 1448 Quos
192 1402 295 1450 ignis
314 1402 407 1438 coelo
429 1400 630 1450 Cyllenius
649 1405 750 1437 erret
770 1400 811 1435 in
830 1400 954 1436 orbes.

64 1455 261 1504 Imprimis
282 1467 468 1491 venerare
487 1454 589 1498 deos,
610 1459 726 1501 atque
747 1465 876 1489 annua
896 1464 1045 1500 magnae

69 1507 184 1546 Sacra
202 1507 304 1545 refer
325 1506 472 1554 Cereri,
486 1507 584 1544 laetis
604 1512 784 1555 operatus
802 1507 841 1542 in
863 1506 1006 1550 herbis,

67 1562 265 1599 Extremae
284 1561 355 1598 sub
374 1573 504 1598 casum
522 1560 673 1604 hiemis,
686 1559 768 1607 jam
789 1571 880 1596 vere
899 1571 1048 1597 sereno.
1178 1559 1256 1595 340

69 1615 169 1653 Tum
190 1615 354 1664 pingues
374 1614 463 1662 agni
483 1619 522 1651 et
540 1620 623 1650 tum
642 1613 866 1650 mollissima
886 1613 993 1655 vina;

69 1669 172 1705 Tum
192 1667 315 1705 somni
335 1667 465 1704 dulces
486 1668 688 1714 densaeque
707 1666 747 1702 in
767 1666 963 1702 montibus
991 1665 1151 1702 umbrae.

72 1721 222 1758 Cuncta
240 1720 312 1757 tibi
333 1719 514 1757 Cererem
536 1721 655 1767 pubes
674 1719 836 1767 agrestis
855 1719 1000 1763 adoret,

72 1774 147 1811 Cui
166 1780 208 1811 tu
228 1774 327 1810 lacte
345 1773 455 1810 favos
475 1779 512 1809 et
531 1773 616 1809 miti
637 1772 741 1809 dilue
760 1772 929 1809 Baccho:

70 1826 220 1875 Terque
238 1839 358 1863 novas
378 1827 523 1863 circum
543 1826 638 1862 felix
658 1832 718 1862 eat
738 1825 864 1862 hostia
883 1824 1026 1874 fruges,
1183 1825 1259 1861 345

73 1880 210 1919 Omnis
230 1891 341 1927 quam
361 1880 500 1916 chorus
520 1885 558 1916 et
579 1879 671 1916 socii
691 1879 924 1915 comitentur
943 1884 1114 1922 ovantes,

73 1934 126 1971 Et
146 1931 331 1970 Cererem
351 1933 516 1970 clamore
536 1938 675 1969 vocent
693 1932 733 1968 in
754 1939 866 1969 tecta.
924 1931 1059 1979 Neque
1079 1937 1168 1968 ante

72 1987 225 2024 Falcem
244 1987 405 2023 maturis
426 1986 624 2034 quisquam
645 1992 834 2034 supponat
855 1985 992 2030 aristis,

76 2039 201 2086 Quam
223 2038 367 2084 Cereri,
386 2045 488 2076 torta
506 2039 708 2076 redimitus
729 2045 901 2087 tempora
920 2050 1073 2086 quercu,

75 2093 152 2131 Det
171 2098 298 2129 motus
317 2093 600 2141 incompositos,
620 2098 658 2129 et
677 2093 848 2129 carmina
867 2092 982 2128 dicat.
1187 2092 1264 2127 350

128 2146 257 2193 Atque
276 2146 356 2182 haec
376 2152 419 2182 ut
437 2146 552 2183 certis
571 2158 767 2194 possemus
785 2145 932 2182 discere
952 2145 1084 2193 signis,

76 2199 289 2247 AEstusque
308 2199 532 2247 pluviasque
552 2204 590 2235 et
609 2205 766 2248 agentes
791 2197 938 2246 frigora
956 2203 1103 2242 ventos,

76 2253 166 2302 Ipse
185 2252 304 2290 Pater
323 2252 471 2297 statuit,
490 2252 581 2299 quid
601 2258 797 2289 menstrua
818 2249 926 2288 Luna
944 2257 1134 2294 moneret3

78 2305 166 2352 Quo
185 2306 296 2355 signo
315 2305 494 2342 caderent
515 2306 652 2349 austri3
682 2305 774 2352 quid.
793 2317 892 2354 saepe
912 2305 1087 2342 videntes

77 2359 273 2408 Agricolae
291 2359 449 2408 propius
468 2359 628 2395 stabulis
649 2363 822 2395 armenta
839 2363 1030 2395 tenerent.
1186 2358 1262 2394 355

77 2410 285 2456 Continuo,
306 2412 433 2449 ventis
452 2412 711 2460 surgentibus,
733 2417 799 2449 aut
818 2411 916 2449 freta
941 2411 1049 2459 ponti

78 2464 277 2515 Incipiunt
295 2465 440 2514 agitata
458 2472 682 2511 tumescere,
703 2471 741 2503 et
761 2465 890 2503 aridus
911 2464 998 2501 altis
