1475 2712
498 203 707 232 CARMINUM
725 201 783 229 111.

161 302 359 351 Relinquit
377 301 464 347 ales,
484 298 674 347 nequitiae
691 297 843 336 additus

213 355 352 394 Custos
370 369 378 393 :
408 357 612 392 amatorem
631 357 823 390 trecentae

268 409 475 447 Pirithoum
497 405 675 444 cohibent
690 410 855 443 catenae.

562 497 653 536 Onu
674 498 725 535 V.

160 580 294 618 Conno
313 583 507 619 tonantem
528 577 757 616 credidimus
776 576 800 614 J
805 588 911 613 ovem

158 633 329 684 Regnare
349 647 358 672 ε
388 645 562 684 praesens
581 632 690 669 divus
708 630 910 668 habebitur

214 688 422 737 Augustus,
443 686 598 736 adjectis
620 683 815 723 Britannis

266 741 439 792 Imperio,
459 740 708 789 gravibusque
729 737 865 775 Persis.

158 794 318 833 Milesne
338 795 462 833 Crassi
481 793 642 843 conjuge
660 792 818 830 barbara

162 847 300 898 Turpis
318 849 472 887 maritus
491 848 587 885 vixit
603 846 624 884 i>
652 851 691 885 et
707 845 873 883 hostium

210 900 299 952 (Pro
319 903 433 948 curia,
454 901 667 949 inversique
686 911 808 937 mores
822 896 852 947 l)

264 955 472 994 Consenuit
490 966 705 993 socerorum
722 953 762 990 in
781 951 891 997 arvis,

159 1008 238 1046 Sub
257 1021 346 1058 rege
366 1009 494 1055 Medo,
516 1008 666 1045 Marsus
685 1011 724 1045 et
744 1005 930 1056 Appulus,

157 1061 391 1100 AnciJiorum
412 1067 452 1101 et
471 1061 634 1100 nominis
654 1065 692 1099 et
710 1064 824 1108 togae

211 1115 374 1162 Oblitus,
395 1120 643 1163 aeternaeque
661 1114 812 1159 Vestae,

265 1169 451 1207 Incolumi
467 1168 575 1215 Jove,
594 1173 633 1207 et
651 1168 746 1205 urbe
764 1166 890 1203 Roma
908 1164 928 1202 ἱ)

155 1222 242 1260 Ηοο
261 1228 410 1261 caverat
428 1234 540 1260 mens'
554 1221 714 1271 provida
733 1219 886 1268 Reguli,

160 1276 428 1316 Dissentientis
447 1274 726 1314 conditionibus

211 1329 360 1377 Foedis,
380 1334 419 1368 et
437 1329 612 1379 exemplo
630 1327 797 1368 trahenti

267 1383 477 1422 Perniciem
495 1383 649 1421 veniens
671 1383 713 1419 in
732 1393 875 1426 aevum,

158 1437 198 1476 Si
216 1449 294 1474 non
311 1438 451 1487 periret
464 1435 740 1474 immiserabilis

159 1490 318 1541 Captiva
334 1490 640 1541 pubes.—Signa
658 1501 730 1538 ego
746 1487 899 1526 Punicis

210 1544 338 1582 Affixa
351 1544 529 1590 delubris,
545 1548 584 1582 et
600 1554 704 1581 arma

262 1597 449 1636 Militibus
467 1598 547 1636 sine
565 1596 691 1642 caede,
711 1595 822 1643 dixit,

156 1652 326 1702 Derepta
341 1651 422 1689 vidi
438 1665 447 1690 ε
477 1651 555 1688 vidi
572 1662 639 1699 ego
657 1649 794 1687 civium

157 1705 319 1744 Retorta
336 1710 447 1754 tergo
465 1704 620 1742 brachia
637 1703 773 1749 libero,

210 1758 420 1807 Portasque
438 1771 517 1796 non
535 1758 692 1803 clausas,
712 1761 751 1795 et
770 1769 859 1796 arva

264 1813 389 1850 Marte
407 1812 480 1850 coli
496 1811 677 1861 populata
693 1815 835 1850 nostro.

160 1866 266 1904 Auro
283 1878 463 1916 repensus
480 1865 622 1903 scilicet
641 1863 762 1901 acrior

158 1919 267 1958 Miles
285 1919 425 1958 redibit
444 1919 454 1957 l
484 1918 651 1968 Flagitio
671 1917 811 1957 additis

210 1973 415 2011 Damnum.
471 1973 604 2021 Neque
623 1971 776 2010 amissos
795 1972 936 2010 colores

264 2027 372 2064 Lana
389 2025 504 2064 refert
522 2025 711 2063 medicata
727 2025 815 2064 fuco
830 2040 838 2070 ;

156 2080 239 2118 Nec
257 2093 346 2118 vera
363 2080 495 2125 virtus,
517 2092 602 2117 cum
621 2079 736 2116 semel
755 2079 909 2124 excidit,

161 2133 279 2172 Curat
297 2133 429 2183 reponi
443 2133 705 2171 deterioribus.

212 2187 252 2224 Si
270 2191 417 2236 pugnat
436 2186 618 2224 extricata
636 2185 760 2224 densis

270 2240 392 2278 Cerva
409 2240 543 2290 plagis,
565 2239 637 2277 erit
654 2239 719 2276 ille
736 2239 857 2285 fortis,

160 2293 238 2340 Qui
256 2292 408 2343 perfidis
424 2306 464 2331 se
482 2292 644 2330 credidit
661 2292 833 2331 hostibus
849 2306 857 2337 ;

157 2347 209 2385 Et
229 2347 355 2386 Marte
372 2347 519 2385 Poenos
537 2351 706 2396 proteret
725 2347 855 2393 altero,

214 2399 293 2446 Qui
309 2401 391 2438 lora
407 2400 587 2438 restrictis
600 2399 750 2438 lacertis

266 2454 392 2492 Sensit
408 2454 520 2501 iners,
539 2453 742 2502 timuitque
760 2459 934 2492 mortem.

610 2506 644 2544 E

1184 188 1234 226 49

1185 402 1234 440 80

1211 789 1234 826 Ωιι
1208 776 1213 784 “

1183 1058 1231 1095 10

1184 1594 1237 1630 20

1181 2402 1231 2439 35
