1475 2712
1174 196 1196 231 *0

518 203 708 236 AENEmos
735 207 777 235 11.

71 303 255 355 Suspensi,
277 304 507 355 Eurypylum
526 303 698 342 scitatum
717 302 865 340 oracula
886 301 1026 339 Phoebi

73 359 266 404 Mittimus,
286 359 392 407 isque
409 356 530 407 adytis
547 357 635 394 haec
651 357 770 395 tristia
788 355 887 394 dicta
905 361 1091 405 reportat:
1148 357 1221 393 ]15

73 412 261 461 Sanguine
279 411 446 460 placastis
464 417 604 456 ventos,
626 415 663 448 et
681 409 822 459 virgine
840 422 955 455 caesa,

71 465 197 510 Quum
215 465 372 515 primum
393 463 532 509 Iliacas,
555 464 687 509 Danai,
708 463 922 505 venistisad
941 475 1045 500 oras:

71 518 257 568 Sanguine
275 518 472 568 quaerendi
491 518 640 565 reditus,
661 517 852 566 animaque
869 516 1050 554 litandum

71 570 258 621 Argolica.
313 571 422 620 Volgi
442 584 534 620 quae
553 583 624 608 vox
643 577 682 609 ut
700 571 802 608 venit
820 570 867 607 ad
886 570 994 614 auris,

71 625 304 675 Obstupuere
321 625 460 670 animis,
480 625 690 674 gelidusque
707 637 771 674 per
789 624 861 661 ima
880 623 1040 661 cucurrit
1146 622 1220 658 ΜΟ

67 678 164 716 Ossa
182 683 338 722 tremor3
367 679 426 716 cui
444 678 518 717 fata
536 684 676 728 parent,
697 690 802 726 quem
822 684 948 726 poseat
967 676 1114 725 Apollo·

70 731 144 770 Hic
164 732 311 769 Ithacus
329 737 448 770 vatem
467 744 601 781 magno
622 731 824 769 Calchanta
842 731 1004 768 tumultu

71 785 260 824 Protrahit-
277 786 316 822 in
334 785 472 823 medios
488 799 496 824 ε
526 798 619 835 quae
638 785 712 823 sint
730 797 772 822 ea
790 784 941 821 numina
959 784 1094 828 divom,

70 838 242 888 Flagitat.
299 839 348 877 Et
367 839 454 876 mihi
464 839 541 889 jam
561 839 667 876 multi
685 838 832 876 crudele
851 838 1031 875 canebant

67 892 230 930 Artificis
248 893 374 938 scelus,
395 898 432 930 et
450 892 553 931 taciti
572 898 727 930 ventura
745 892 930 929 videbant.
1145 890 1217 926 12⁴3

71 945 134 982 Bis
153 946 283 995 quinos
302 947 383 985 silet
402 946 462 983 ille
481 946 569 992 dies,
591 952 779 994 tectusque
797 952 942 983 recusat

70 998 232 1036 Prodere
249 1012 338 1036 voce
356 1013 420 1037 sua
439 1013 667 1049 quemquam,
689 1005 752 1037 aut
772 1011 956 1048 opponere
975 997 1096 1035 morti.

68 1051 142 1089 Vix
163 1053 324 1098 tandem,
344 1055 485 1102 magnis
506 1053 622 1091 Ithaci
642 1052 859 1090 clamoribus
876 1057 991 1095 actus,

69 1105 280 1155 Composito
298 1107 435 1156 rumpit
455 1119 590 1152 vocem,
612 1112 649 1144 et
668 1118 725 1142 me
744 1105 904 1143 destinat
923 1117 1017 1142 arae.

118 1159 325 1197 Adsensere
346 1155 495 1204 oinnes;
524 1166 571 1205 et,
591 1172 683 1208 quae
700 1159 768 1196 sibi
786 1159 939 1207 quisque
956 1158 1119 1204 timebat,
1142 1158 1215 1195 1:30

66 1212 186 1250 Unius
205 1213 244 1249 in
260 1213 381 1250 miseri
398 1214 549 1251 exitium
568 1225 743 1250 conversa
761 1212 890 1250 tulere.

63 1265 221 1315 Jamque
239 1267 316 1304 dies
334 1267 484 1305 infanda
503 1267 629 1304 aderat
648 1280 658 1311 ;
687 1266 774 1303 mihi
794 1278 896 1302 sacra
915 1265 1045 1314 parari,

64 1319 115 1358 Et
133 1320 247 1357 salsae
264 1320 398 1369 fruges,
412 1327 450 1359 et
468 1322 604 1358 circum
624 1330 695 1358 tem
702 1332 789 1369 pora
809 1320 935 1356 vittae.

64 1372 204 1422 Eripui‚
224 1374 351 1419 fateor,
371 1375 445 1412 leto
465 1387 534 1419 me,
554 1380 591 1412 et
611 1373 754 1410 vincula
773 1373 854 1422 rupi
870 1386 879 1416 ;

62 1426 282 1476 Limosoque
299 1427 381 1465 lacu
400 1441 463 1478 per
481 1434 626 1465 noctem
645 1428 820 1464 obscurus
838 1427 878 1463 in
897 1425 981 1463 ulva
1142 1426 1215 1463 ⁷1:35

64 1480 218 1526 Delitui,
238 1481 325 1518 dum
345 1483 435 1527 vela,
457 1482 588 1519 darent
607 1481 636 1518 si
655 1481 761 1525 forte,
782 1480 981 1517 dedissent.

62 1534 143 1571 Nec
157 1534 246 1571 mihi
258 1534 337 1583 jam
356 1536 510 1585 patriam
531 1537 718 1583 antiquam
738 1547 818 1584 spes
837 1533 912 1570 ulla
932 1533 1092 1578 videndi,

62 1587 143 1624 Nec
161 1587 278 1625 dulcis
296 1593 413 1634 natos,
433 1594 718 1638 exoptatumque
737 1594 925 1637 parentem
942 1600 950 1630 ;

63 1641 166 1686 Quos
177 1641 230 1678 illi
249 1641 321 1679 fors
340 1643 387 1679 ad
404 1655 539 1692 poenas
556 1642 603 1679 ob
622 1646 746 1679 nostra
764 1646 956 1690 reposcent

62 1694 220 1744 Effugia,
241 1700 278 1732 et
296 1696 439 1746 culpam
457 1696 550 1733 hanc
570 1695 782 1732 miserorum
800 1701 917 1731 morte
936 1693 1100 1742 piabunt.
1142 1695 1215 1730 140

64 1747 176 1793 Quod
190 1753 238 1794 te,
259 1761 323 1798 per
341 1762 502 1799 superos,
523 1756 560 1786 et
574 1749 718 1786 conseia
737 1748 887 1784 numina,
906 1747 992 1792 veri,

62 1801 144 1848 Per,
165 1801 277 1850 siqua
293 1808 348 1841 est
369 1816 460 1852 quae
479 1808 591 1840 restet
609 1802 729 1838 adhuc
747 1800 961 1838 mortalibus
977 1812 1129 1848 usquam

61 1854 283 1894 Intemerata
301 1856 401 1902 fides,
423 1869 499 1902 oro,
519 1856 689 1892 miserere
706 1855 873 1892 laborum

60 1906 264 1946 Tantorum
279 1922 288 1953 ;
318 1911 487 1948 miserere
506 1909 617 1947 animi
637 1921 709 1946 non
729 1908 843 1957 digna
861 1908 1025 1946 ferentis.

113 1961 184 1999 His
202 1962 358 2001 lacrimis
377 1964 489 2002 vitam
508 1964 647 2006 damus,
669 1967 706 2000 et
723 1961 986 2000 miserescimus
1006 1962 1113 2000 ultro.
1139 1962 1212 1998 ΜΞ»

61 2014 143 2063 Ipse
161 2016 239 2052 viro
258 2016 395 2065 primus
414 2018 571 2054 manicas
590 2021 699 2064 atque
718 2020 798 2054 arta
816 2016 928 2053 levari

60 2068 192 2106 Vincla
203 2068 311 2118 jubet
332 2070 520 2114 Priamus;
551 2070 730 2119 dictisque
746 2069 799 2107 ita
817 2069 914 2107 fatur
933 2069 1056 2106 amieis
1074 2084 1082 2104 ;

62 2121 236 2171 Quisquis
254 2136 303 2169 es,
323 2125 472 2161 amissos
490 2124 576 2160 hinc
589 2124 666 2172 jam
686 2123 898 2160 obliviscere
918 2123 1049 2159 Graios
1066 2136 1074 2164 ;

60 2175 197 2217 Noster
215 2178 285 2214 eris
300 2188 309 2214 t
337 2177 496 2227 mihique
513 2177 604 2214 haec
621 2176 777 2214 edissere
796 2189 880 2213 vera
899 2176 1058 2224 roganti.

62 2228 147 2273 Quo
154 2229 286 2267 molem
300 2229 573 2268 huncimmanis
588 2230 672 2279 equi
683 2229 871 2268 statuere?
884 2230 965 2278 quis
973 2238 1100 2266 auctor
1108 2228 1127 2265 ἶ)
1138 2229 1211 2265 150

58 2281 207 2327 Quidve
225 2289 358 2332 petunt
376 2284 394 2321 ⁸?
415 2297 508 2334 quae
525 2284 653 2332 religio
668 2283 687 2320 P
715 2290 778 2320 aut
798 2295 890 2331 quae
909 2283 1077 2320 maehina
1091 2282 1177 2319 belli
1193 2282 1212 2319 f’

61 2334 232 2373 Dixerat.
287 2337 365 2384 Ille,
386 2337 480 2375 dolis
498 2337 713 2381 instructus,
733 2343 771 2374 et
788 2345 867 2373 arte
887 2336 1052 2385 Pelasga,

57 2388 226 2436 Sustulit,
244 2395 374 2429 exutas
397 2390 540 2435 vinclis,
559 2390 606 2428 ad
624 2389 744 2427 sidera
762 2390 899 2439 palmas
915 2403 923 2427 ε

59 2440 146 2488 Vos,
167 2444 307 2482 aeterni
319 2444 437 2495 ignes,
456 2450 493 2483 et
511 2456 586 2481 non
605 2443 773 2480 violabile
794 2450 952 2483 vestrum

625 2511 655 2547 C
