1414 2666
488 440 690 501 LIBER
729 445 1068 503 SECUNDUS.

182 704 311 742 JANUS
329 703 444 742 habet
462 703 575 742 finem
591 718 600 742 2
631 717 715 742 cum
736 705 901 742 carmine
920 704 1054 742 crescit
1074 709 1113 741 et
1133 713 1253 740 annus
1269 715 1279 748 ;

237 758 347 796 Alter
366 764 409 795 ut
424 757 511 794 hinc
526 759 675 804 mensis,
694 759 746 796 sic
760 759 855 796 liber
873 759 968 796 alter
981 765 1053 796 eat.

182 812 296 848 Nunc
315 811 476 860 primum
496 812 598 856 velis,
618 812 726 860 elegi,
747 811 952 861 majoribus
970 811 1033 849 itis
1054 824 1062 848 :

238 865 441 914 Exiguum,
463 865 627 910 memini,
649 877 769 914 nuper
789 866 901 903 eratis
920 877 1025 914 opus.

185 919 298 956 Certe
317 930 388 966 ego
408 931 473 955 vos
491 918 608 955 habui
627 919 753 955 faciles
772 919 811 955 in
831 931 957 956 amore
975 917 1180 961 ministros,
1342 915 1367 952 5

237 972 333 1009 Cum
352 972 442 1009 lusit
461 972 627 1009 numeris
646 972 765 1021 prima
777 972 939 1021 juventa
958 971 1046 1009 suis.

184 1026 290 1062 Idem
310 1037 414 1062 sacra
433 1038 539 1070 cano,
560 1025 784 1075 signataque
802 1035 973 1075 tempora
990 1025 1106 1063 fastis.

238 1078 376 1128 Ecquis
395 1079 443 1115 ad
458 1079 539 1116 haec
555 1079 659 1117 illinc
677 1080 848 1117 crederet
866 1092 946 1116 esse
964 1078 1062 1115 viam
1079 1077 1100 1114 ⁴?

184 1132 281 1170 Haec
299 1145 381 1169 mea
399 1132 533 1170 militia
548 1139 605 1171 est
626 1146 634 1170 ε
663 1133 817 1170 ferimus
836 1145 921 1182 quae
940 1144 1136 1182 possumus
1155 1143 1258 1168 arma
1277 1143 1286 1168 :

238 1186 459 1235 Dextraque
478 1199 555 1222 non
575 1187 676 1224 omni
695 1199 849 1223 munere
868 1192 999 1224 nostra
1016 1192 1135 1224 vacat.
1317 1182 1368 1220 10

185 1240 224 1277 Si
243 1240 334 1276 mihi
353 1251 429 1276 non
449 1240 573 1276 valido
593 1247 819 1289 torquentur
838 1240 913 1289 pila
931 1239 1085 1285 lacerto,

237 1293 318 1331 Nec
337 1293 528 1330 bellatoris
547 1299 654 1342 terga
672 1300 894 1343 premuntur
913 1293 998 1341 equi
1018 1305 1027 1337 ;

185 1347 267 1384 Nec
286 1346 394 1395 galea
412 1347 589 1395 tegimur,
609 1359 678 1384 nec
698 1354 809 1384 acuto
828 1347 1014 1395 cingimur
1033 1357 1146 1392 ense;

237 1400 310 1437 His
329 1400 462 1436 habilis
482 1400 565 1437 telis
585 1400 742 1449 quilibet
762 1413 841 1437 esse
859 1406 1010 1449 potest:

182 1455 237 1492 At
255 1460 321 1492 tua
339 1453 599 1502 prosequimur
618 1454 786 1491 studioso
807 1460 969 1502 pectore,
991 1453 1131 1499 Caesar,
1315 1453 1362 1490 15

237 1507 412 1553 Nomina,
433 1519 500 1556 per
519 1507 649 1544 titulos
668 1507 974 1556 ingredimurque
992 1512 1090 1544 tuos.

184 1560 288 1610 Ergo
307 1561 407 1606 ades,
426 1566 465 1598 et
483 1560 633 1609 placido
647 1561 800 1610 paulum
821 1574 902 1598 mea
918 1573 1076 1597 munera
1093 1559 1203 1598 vultu

239 1614 411 1664 Respice,
434 1614 603 1664 pacando
622 1615 653 1652 si
672 1614 764 1664 quid
783 1614 830 1652 ab
848 1614 957 1652 hoste
975 1626 1099 1651 vacas.

184 1721 333 1759 Februa
353 1721 517 1759 Romani
536 1721 666 1759 dixere
684 1721 848 1771 piamina
866 1728 995 1771 patres
1016 1735 1024 1758 ε

231 1775 344 1812 Nunc
363 1787 511 1824 quoque
530 1776 623 1813 dant
644 1777 754 1812 verbo
774 1775 934 1824 plurima
952 1775 1060 1824 signa
1077 1773 1203 1811 fidem.
1308 1773 1362 1810 20

179 1828 382 1866 Pontifices
402 1830 449 1865 ab
464 1842 552 1878 rege
571 1835 706 1878 petunt
726 1836 764 1866 et
781 1829 931 1866 flamine
948 1829 1065 1873 lanas,

237 1883 332 1927 Quis
347 1883 464 1920 veteri
484 1883 614 1931 lingua
635 1882 780 1919 Februa
799 1895 936 1919 nomen
956 1887 1049 1919 erat.

182 1935 351 1984 Quaeque
371 1936 471 1984 capit
486 1936 596 1973 lictor
616 1936 789 1972 domibus
810 1935 1032 1984 purgamina
1051 1935 1174 1979 certis,

233 1989 393 2026 Torrida
413 2002 496 2026 cum
516 1989 615 2026 mica
633 1989 745 2033 farra,
766 1997 948 2026 vocantur
967 1988 1079 2025 idem.

177 2042 326 2079 Nomen
345 2043 443 2079 idem
465 2055 579 2088 ramo,
601 2043 676 2092 qui,
698 2055 815 2079 caesus
828 2043 875 2079 ab
892 2043 1026 2079 arbore
1043 2053 1150 2091 pura,
1311 2042 1363 2080 25

230 2096 343 2134 Casta
361 2096 597 2133 sacerdotum
617 2104 786 2145 tempora
805 2096 940 2133 fronde
958 2095 1068 2144 tegit.

173 2148 259 2199 Ipse
274 2162 345 2199 ego
366 2149 396 2186 F
398 2150 609 2187 laminicam
630 2156 845 2198 poscentem
857 2150 989 2187 februa
1008 2148 1111 2187 vidi:

229 2203 377 2240 Februa
395 2203 564 2252 poscenti
584 2204 695 2253 pinea
715 2203 821 2252 virga
840 2203 931 2241 data
951 2209 1019 2240 est.

172 2256 348 2306 Denique
367 2258 622 2306 quodcunque
642 2263 710 2302 est,
727 2270 802 2306 quo
822 2264 974 2306 pectora
993 2261 1122 2294 nostra
1141 2255 1301 2306 piamur‚

223 2309 310 2347 Hoc
330 2311 431 2360 apud
449 2310 618 2348 intonsos
637 2323 774 2347 nomen
793 2311 956 2348 habebat
974 2323 1076 2347 avos.
1311 2307 1363 2344 30

169 2364 313 2402 Mensis
331 2365 378 2401 ab
397 2365 454 2401 his
473 2364 609 2410 dictus,
630 2372 732 2402 secta
750 2364 837 2413 quia
852 2364 949 2413 pelle
970 2364 1130 2413 Luperci

220 2416 344 2454 Omne
364 2418 485 2455 solum
503 2418 679 2463 lustrant,
702 2418 818 2467 idque
837 2418 987 2467 piamen
1005 2417 1160 2456 habent.
