1475 2712
549 185 742 214 Amfflmos
761 185 790 212 1.
1205 174 1253 212 17

94 284 347 324 Dardanidae.

147 338 246 376 Tum
263 337 427 376 breviter
446 336 559 381 Dido,
580 335 721 373 voltum
738 332 908 380 demissa,
929 333 1119 384 profatur:
1176 332 1252 372 565

95 393 236 430 Solvite
258 392 373 429 corde
391 394 541 434 metum,
561 389 697 426 Teucri
713 400 724 433 ;
750 388 933 426 secludite
950 400 1069 425 curas.

95 446 172 483 Res
191 446 286 482 dura
301 450 338 482 et
353 443 459 492 regni
478 442 624 480 novitas
642 455 700 479 me
721 442 808 480 talia
826 446 967 491 cogunt

95 499 231 544 Moliri,
252 503 290 536 et
307 498 382 535 late
397 497 481 533 finis
499 495 655 534 custode
672 496 783 533 tueri.

95 553 189 597 Quis
207 564 325 601 genus
343 550 572 594 Aeneadum,
592 549 675 597 quis
696 549 830 598 Trojae
849 548 989 586 nesciat
1004 547 1144 592 urbem,

97 606 129 642 V
134 607 351 654 irtutesque‚
371 605 553 652 virosque,
575 608 640 640 aut
658 602 755 640 tanti
772 602 944 639 incendia
961 601 1048 638 belli
1065 600 1086 638 ἰ)
1176 602 1252 640 57θ

93 659 180 696 Non
199 660 331 696 obtusa
348 658 441 694 adeo
458 661 645 705 gestamus
663 660 814 704 pectora
833 655 971 698 Poeni3

94 713 173 750 Nec
192 717 268 750 tam
287 723 434 748 aversus
447 723 561 760 equos
582 709 696 759 Tyria
715 709 779 746 Sol
799 709 928 758 jungit
944 709 992 746 ab
1009 708 1115 745 urbe.

93 766 168 804 Seu
185 778 251 802 vos
269 764 488 813 Hesperiam
505 775 679 812 magnam
698 763 944 811 Saturniaque
962 774 1060 807 arva,

94 819 179 856 Sive
199 819 329 868 Erycis
347 818 430 854 finis
448 829 645 865 regemque
663 816 801 866 optatis
816 817 978 853 Acesten
998 827 1007 863 ;

94 873 247 910 Auxilio
264 876 366 910 tutos
385 871 581 915 dimittam,
601 870 804 919 opibusque
814 869 966 919 juvabo.
1179 869 1255 907 575

93 926 218 964 Vultis
237 930 273 963 et
292 925 348 962 his
366 937 509 962 mecum
527 924 666 973 pariter
682 924 873 961 considere
890 922 1014 971 regnis
1028 922 1048 960 Ρ

97 980 237 1017 Urbem
257 991 366 1028 quam
385 983 520 1021 statuo,
542 982 664 1014 vestra
682 981 759 1021 est;
789 977 985 1014 subducite
1003 989 1134 1020 naves;

93 1034 187 1071 Tros
206 1032 414 1082 Tyriusque
431 1031 521 1068 mihi
539 1031 642 1068 nullo
661 1030 870 1068 discrimine
888 1036 1029 1079 agetur.

93 1088 222 1136 Atque
240 1086 382 1123 utinam
400 1097 466 1121 rex
484 1084 574 1133 ipse,
596 1084 698 1121 Noto
717 1084 928 1133 compulsus
946 1083 1086 1129 eodem,

94 1140 252 1177 Adforet
272 1138 419 1175 Aeneas
438 1138 447 1175 1
476 1137 648 1186 equidem
668 1149 734 1186 per
751 1137 878 1175 littora
896 1142 1016 1175 certos
1182 1139 1258 1177 580

96 1193 305 1237 Dimittam,
325 1200 362 1229 et
378 1191 521 1241 Libyae
538 1191 696 1228 lustrare
714 1196 880 1228 extrema
893 1190 1035 1239 jubebo
1055 1206 1063 1235 ;

95 1247 134 1285 Si
152 1247 285 1295 quibus
304 1245 443 1294 ejectus
461 1244 561 1282 silvis
583 1249 648 1282 aut
666 1244 819 1281 urbibus
838 1249 949 1282 errat·

146 1300 218 1337 His
237 1299 400 1336 animum
417 1298 551 1336 arrecti
565 1298 685 1342 dictis,
706 1303 744 1335 et
762 1297 867 1335 fortis
885 1297 1048 1336 Achates

100 1354 150 1392 Et
170 1353 282 1391 Pater
300 1352 448 1389 Aeneas
459 1351 683 1400 jamdudum
702 1363 894 1400 erumpere
911 1352 1049 1389 nubem

95 1407 302 1444 Ardebant.
358 1405 466 1442 Prior
485 1406 649 1442 Aeneam
668 1405 865 1454 compellat
882 1405 1066 1443 Achates:
1174 1407 1250 1445 585

97 1462 197 1499 Nate
216 1460 297 1505 dea,
317 1472 412 1509 quae
430 1471 530 1496 nunc
548 1459 672 1496 animo
691 1459 876 1496 sententia
894 1459 1048 1507 surgit?

98 1514 234 1552 Omnia
251 1518 334 1552 tuta
347 1513 449 1550 vides
468 1526 477 1557 ;
506 1512 670 1557 classem,
690 1512 880 1561 sociosque
897 1517 1078 1562 receptos.

100 1569 205 1605 Unus
223 1568 338 1613 abest,
358 1567 480 1604 medio
498 1566 538 1603 in
554 1566 673 1604 fluctu
692 1578 800 1615 quem
818 1566 978 1603 vidimus
996 1567 1066 1616 ipsi

97 1622 334 1659 Submersum
349 1632 359 1657 t
385 1620 494 1657 dictis
512 1619 737 1668 respondent
756 1624 879 1657 cetera
896 1620 1034 1658 matris.

98 1676 170 1712 Vix
189 1688 232 1712 ea
249 1674 346 1712 fatus
365 1678 456 1718 erat,
474 1685 589 1721 quum
609 1673 829 1710 circumfusa
842 1679 995 1722 repente
1180 1675 1257 1714 590

97 1729 241 1767 Scindit
260 1741 298 1765 se
317 1728 445 1772 nubes,
465 1732 502 1764 et
520 1727 560 1763 in
578 1726 731 1764 aethera
747 1732 885 1775 purgat
902 1732 1083 1775 apertum.

97 1782 252 1820 Restitit
272 1782 428 1826 Aeneas,
449 1781 620 1829 claraque
637 1781 677 1817 in
695 1780 778 1817 luce
796 1780 951 1825 refulsit,

98 1836 150 1873 Os
168 1836 415 1884 humerosque
433 1834 504 1871 deo
522 1834 650 1870 similis
667 1847 675 1877 ;
704 1846 868 1882 namque
880 1834 960 1883 ipsa
978 1834 1149 1872 decoram

97 1889 303 1927 Caesariem
318 1893 407 1925 nato
425 1887 608 1936 genetrix,
628 1888 830 1936 lumenque
843 1887 1022 1936 juventae

96 1943 340 1992 Purpureum,
362 1946 400 1978 et
411 1942 528 1979 laetos
546 1941 661 1978 oculis
679 1941 836 1978 adflarat
854 1941 1012 1978 honores
1027 1956 1035 1979 :
1181 1942 1258 1981 595

100 1997 221 2042 Quale
239 2008 370 2032 manus
390 1995 535 2032 addunt
552 1995 657 2031 ebori
674 1995 798 2039 decus,
813 2000 878 2033 aut
897 1995 962 2032 ubi
979 1996 1075 2033 flavo

95 2051 315 2099 Argentum,
337 2048 514 2086 Pariusve
530 2048 634 2097 lapis,
655 2048 906 2086 circumdatur
925 2061 1029 2086 auro.

98 2104 195 2140 Tum
213 2103 265 2140 sic
283 2102 450 2151 reginam
467 2101 679 2151 alloquitur,
699 2103 915 2151 cunctisque
933 2110 1085 2151 repente

98 2156 323 2207 improvisus
341 2155 415 2193 ait:
447 2155 592 2200 Coram,
612 2168 722 2205 quem
736 2156 924 2203 quaeritis,
945 2156 1087 2201 adsum,

99 2210 234 2248 Troius
253 2210 411 2254 Aeneas,
432 2208 584 2257 Libycis
600 2214 749 2258 ereptus
767 2209 815 2245 ab
833 2209 956 2246 undis.
1183 2210 1261 2249 600

97 2264 133 2301 O
152 2264 230 2301 sola
246 2262 421 2300 infandos
439 2261 574 2310 Trojae
591 2262 763 2300 miserata
780 2262 944 2300 labores!

101 2319 207 2363 Quae
224 2329 303 2361 nos,
324 2316 496 2365 reliquias
512 2315 698 2360 Danaum,
719 2320 914 2365 terraeque
931 2317 1114 2367 marisque

100 2371 282 2407 Omnibus
300 2370 498 2408 exhaustos
510 2368 590 2418 jam
607 2369 764 2414 casibus,
785 2369 951 2408 omnium
968 2383 1118 2420 egenos,

102 2425 218 2470 Urbe,
237 2424 361 2470 domo,
375 2423 519 2468 ¹sociam
547 2428 674 2514 grateg
690 2423 901 2514 gersolvere
913 2424 1049 2474 dignas
