1475 2712
77 198 134 249 1.]
492 194 839 234 GEORGIooN.
1222 197 1263 231 ιι

80 305 239 353 Semper
261 303 338 341 sole
356 304 510 347 rubens,
531 311 570 339 et
588 302 735 338 torrida
754 314 905 350 semper
925 301 973 337 ab
993 301 1073 348 igni
1096 316 1105 344 ;

79 357 203 403 Quam
224 357 367 394 circum
389 363 571 392 extremae
591 356 730 392 dextra
749 355 924 401 laevaque
943 355 1163 399 trahuntur,
1185 355 1262 390 235

79 410 252 448 Caerulea
270 409 392 458 glacie
409 415 595 446 concretae
615 416 731 456 atque
750 408 939 444 imbribus
959 407 1069 443 atris:

77 462 162 500 Has
182 463 283 500 inter
301 462 541 509 mediamque
561 462 645 498 duae
664 461 891 498 mortalibus
911 461 1025 509 aegris

79 516 244 553 Munere
263 527 448 553 concessae
467 515 618 558 divum3
637 521 676 551 et
696 515 759 551 via
779 521 882 551 secta
900 527 968 562 per
987 514 1130 556 ambas,

77 568 268 616 Obliquus
287 582 363 616 qua
381 581 421 605 se
441 568 637 616 signorum
659 573 828 604 verteret
847 568 954 604 ordo.

77 621 260 666 Mundus,
283 628 325 658 ut
344 622 393 658 ad.
414 620 613 670 Scythiam
634 621 892 669 Rhipaeasque
908 620 1050 656 arduus
1065 632 1171 656 arces
1188 620 1267 655 240

80 674 300 724 Consurgit,
323 675 511 722 premitur
531 674 665 723 Libyae
685 675 858 711 devexus
878 673 918 709 in
940 673 1121 710 Austros.

77 727 155 764 Hic
175 735 311 765 vertex
330 727 440 765 nobis
459 739 608 776 semper
629 727 818 763 sublimis:
839 733 878 764 at
897 726 1007 763 illum

79 782 159 818 Sub
179 781 340 830 pedibus
363 780 464 830 Styx
485 787 568 818 atra
587 780 693 817 videt
716 780 929 828 Manesque
948 778 1145 828 profundi.

76 834 287 871 Maxumus
306 834 367 871 hic
387 834 491 871 flexu
511 834 665 870 sinuoso
685 833 850 870 elabitur
871 833 1027 881 Anguis

77 886 234 924 Circum
261 899 405 934 perque
423 887 517 924 duas
536 887 576 923 in
596 899 740 924 morem
759 886 930 923 fluminis
951 886 1104 930 Arctos,
1188 886 1264 921 245

74 941 217 976 Arctos
240 941 384 977 Oceani
403 946 618 977 metuentes
637 952 789 987 aequore
811 939 953 988 tingui.

75 992 173 1038 Illic,
195 999 238 1029 ut
257 994 472 1041 perhibent,
495 1000 559 1029 aut
580 993 810 1041 intempesta
830 993 917 1029 silet
936 1005 1027 1035 nox,

78 1045 238 1094 Semper
257 1052 295 1082 et
314 1047 472 1083 obtenta
491 1047 702 1083 densantur
721 1052 834 1083 nocte
854 1046 1022 1082 tenebrae
1030 1060 1041 1089 3

75 1101 160 1135 Aut
180 1099 279 1136 redit
300 1112 322 1135 a
341 1099 451 1136 nobis
475 1099 628 1136 Aurora
647 1100 825 1146 diemque
845 1099 1006 1142 reducit,

75 1151 238 1199 Nosque
259 1152 323 1188 ubi
343 1153 490 1200 primus
511 1152 621 1199 equis
642 1151 782 1189 Oriens
802 1151 961 1188 adflavit
980 1151 1140 1196 anhelis,
1188 1153 1268 1187 250

75 1205 164 1241 Illic
184 1217 266 1241 sera
286 1206 428 1242 rubens
447 1205 622 1242 accendit
641 1205 788 1242 lumina
807 1205 970 1252 Vesper.
1271 1202 1284 1207 “’

76 1258 183 1294 Hinc
202 1264 449 1306 tempestates
469 1258 586 1294 dubio
606 1258 834 1306 praediscere
854 1257 946 1294 eaelo

74 1310 296 1359 Possumus
316 1311 406 1347 hinc
425 1311 635 1359 messisque
655 1312 755 1347 diem
776 1318 1005 1359 tempusque
1025 1311 1194 1353 serendi;

76 1363 130 1400 Et
149 1364 301 1411 quando
320 1364 482 1400 infidum
501 1365 619 1401 remis
637 1364 836 1412 impellere
854 1376 1022 1400 marmor

77 1416 294 1454 Conveniat
302 1432 312 1461 3
341 1418 494 1464 quando
514 1423 680 1454 armatas
699 1418 887 1454 deducere
907 1417 1063 1460 classes;
1188 1419 1266 1453 255

73 1471 160 1507 Aut
179 1470 446 1518 tempestivam
466 1471 576 1508 silvis
595 1478 769 1508 evertere
789 1471 936 1518 pinum.

129 1523 214 1560 Nec
232 1523 377 1561 frustra
396 1525 594 1573 signorum
614 1525 742 1561 obitus
762 1524 1004 1572 speculamur
1023 1529 1060 1560 et
1081 1530 1200 1569 ortus,

77 1576 409 1624 Temporibusque
432 1590 561 1624 parem
582 1577 745 1614 diversis
765 1584 930 1625 quatuor
948 1590 1106 1614 annum.

75 1630 259 1678 Frigidus
279 1630 484 1677 agricolam
504 1631 536 1667 si
556 1631 708 1678 quando
727 1630 898 1668 continet
916 1631 1051 1675 imber,

76 1683 215 1727 Multa,
236 1682 364 1720 forent
382 1694 466 1731 quae
485 1696 576 1720 mox
597 1684 694 1721 coelo
713 1683 955 1732 properanda
975 1696 1121 1728 sereno,
1188 1685 1268 1721 260

77 1737 277 1773 Maturare
295 1736 425 1773 datur:
452 1737 593 1773 durum
612 1737 790 1785 procudit
810 1742 938 1773 arator

76 1789 256 1826 Vomeris
275 1790 403 1827 obtusi
422 1790 594 1834 dentem3
613 1796 726 1827 cavat
745 1791 881 1827 arbore
900 1790 1037 1827 lintres
1044 1804 1054 1833 3

76 1843 162 1880 Aut
180 1843 309 1891 pecori
329 1843 483 1891 signum
502 1849 568 1880 aut
588 1855 767 1880 numeros
786 1843 982 1891 impressit
1000 1843 1162 1880 acervis.

77 1895 287 1933 Exacuunt
307 1896 378 1933 alii'
393 1896 514 1933 vallos
533 1895 739 1943 furcasque
759 1896 944 1940 bicornes,

78 1950 212 1998 Atque
233 1949 423 1986 Amerina
442 1955 580 1998 parant
600 1949 713 1987 lentae
731 1950 945 1986 retinacula
964 1949 1048 1986 viti.
1191 1950 1269 1986 :265

77 2000 195 2039 Nunc
213 2001 337 2039 facilis
356 2003 475 2039 rubea
494 2009 651 2040 texatur
669 2003 804 2040 fiscina
823 2003 951 2050 virga3

77 2055 196 2092 Nunc
215 2061 357 2092 torrete
375 2055 458 2104 igni
478 2055 620 2104 fruges,
642 2069 745 2092 nunc
764 2055 933 2104 frangite
954 2068 1060 2092 saxo.

80 2108 234 2157 Quippe
255 2109 372 2145 etiam
392 2108 500 2145 festis
519 2110 691 2156 quaedam
713 2122 893 2146 exercere
912 2109 1049 2146 diebus

77 2161 153 2198 Fas
173 2168 212 2198 et
234 2160 325 2209 jura
345 2161 492 2209 sinunt:
512 2163 616 2199 rivos
636 2163 825 2199 deducere
844 2163 949 2198 nulla

77 2214 232 2263 Religio
253 2215 388 2257 vetuit,
410 2215 531 2262 segeti
557 2216 795 2263 praetendere
815 2227 957 2263 sepem,
1191 2215 1271 2254 270

76 2267 243 2305 Insidias
263 2268 400 2304 avibus
419 2268 556 2312 moliri,
577 2269 781 2305 incendere
801 2281 949 2316 vepres,

77 2321 362 2368 Balantumque
381 2333 539 2369 gregem
558 2321 678 2358 fluvio
697 2334 864 2359 mersare
884 2321 1041 2358 salubri.

80 2373 190 2422 Saepe
210 2374 291 2411 oleo
312 2374 412 2410 tardi
432 2382 556 2411 costas
576 2375 743 2423 agitator
763 2374 870 2412 aselli

76 2426 236 2464 Vilibus
256 2433 323 2464 aut
342 2434 475 2464 onerat
494 2428 629 2476 pomis,
650 2428 893 2477 lapidemque
913 2434 1113 2465 revertens

76 2479 263 2517 Incusum
284 2486 349 2517 aut
371 2486 463 2516 atrae
484 2494 645 2518 massam
668 2482 763 2529 picis
786 2483 879 2518 urbe
897 2487 1079 2530 reportat.
1192 2480 1268 2519 275
