1414 2666
581 157 792 184 CARMINUM
812 156 853 184 11.

282 255 444 303 Depone
463 255 532 291 sub
551 254 660 291 lauru
679 267 770 300 mea,
793 266 862 291 nec

336 308 452 346 Parce
471 308 573 345 cadis
592 307 663 346 t-ibi
682 307 894 347 destinatis.

226 361 422 400 Oblivioso
440 361 537 399 levia
565 361 725 399 Massico

229 416 379 453 Ciboria
398 415 506 465 exple
523 428 530 452 :
561 415 677 452 funde
695 415 893 465 capacibus

282 469 490 518 Unguenta
508 469 556 506 de
575 469 737 507 conchis.
796 469 893 515 Quis
912 468 988 507 udo

333 523 596 573 Deproperare
616 523 700 572 apio
714 535 871 561 coronas

226 578 391 616 Curatve
409 582 534 627 myrto
549 576 569 614 i>
598 589 710 626 quem
726 576 858 614 Venus
878 576 1062 615 arbitrum

228 630 516 669 Dicet-bibendi
530 630 550 667 ἶ)
577 643 656 668 non
675 642 746 679 ego
766 630 892 668 sanius

283 684 503 722 ssacchabor
524 683 668 721 Edonis
689 697 698 721 ε
729 689 882 733 recepto

337 738 461 776 Dulce
481 737 573 775 mihi
591 737 715 775 furere
734 742 791 776 est
810 737 941 775 amico.

442 816 532 854 ODE
561 815 778 854 VIIL—In
805 816 990 855 Barzaen.

236 895 268 932 U
272 905 346 932 ιω
364 895 397 932 si
410 894 508 943 juris
523 894 594 932 tibi
613 894 771 944 pejerati
803 910 820 918 s

228 949 366 995 Poena,
388 948 543 993 Barim,
564 948 755 986 nocuisset
775 960 965 997 unquam3

230 1003 358 1040 Dente
377 1002 409 1040 si
427 1001 538 1051 nigro
556 1002 663 1039 fieres
683 1002 743 1039 vel
761 1014 838 1039 uno

446 1055 610 1105 Turpior
630 1056 751 1104 ungui
767 1069 776 1100 ;

231 1109 445 1147 Crederem.
505 1109 581 1147 Sed
600 1114 656 1155 tu,
676 1109 788 1147 simul
806 1109 982 1159 obligasti

231 1163 424 1201 Perfidum
443 1164 540 1201 votis
560 1168 685 1213 caput,
707 1163 880 1202 enitescis

233 1216 433 1255 Pulchrior
452 1217 585 1264 multo,
601 1218 862 1267 juvenumque
881 1217 1009 1267 prodis

448 1270 608 1308 Publica
622 1283 722 1308 cura.

235 1323 400 1374 Expedit
419 1324 548 1362 matris
569 1325 711 1362 cineres
732 1331 884 1374 opertos

235 1379 391 1424 Fallere,
413 1384 451 1415 et
465 1383 548 1416 toto
569 1379 758 1416 taciturna
777 1379 899 1416 noctis

231 1433 349 1480 Signa
369 1444 455 1469 cum
474 1432 590 1478 coelo,
620 1432 822 1481 gelidaque
841 1432 947 1469 divos

449 1485 576 1524 Morte
595 1490 777 1523 carentes.

234 1538 354 1577 Ridet
371 1538 454 1584 hoc,
475 1539 641 1588 inquam,
664 1539 795 1577 Venus
814 1539 895 1589 ipsa
914 1553 923 1584 ;
953 1538 1082 1576 rident

234 1592 428 1642 Simplices
447 1592 660 1643 Nymphae,
681 1593 782 1631 ferus
802 1598 841 1631 et
861 1592 1021 1643 Cupido,

237 1647 391 1696 Semper
411 1646 586 1685 ardentes
606 1659 744 1684 acuens
762 1646 919 1695 sagittas

450 1699 545 1738 Cote
565 1705 736 1739 cruenta.

232 1754 357 1799 Adde,
378 1753 481 1803 quod
500 1755 618 1804 pubes
637 1755 708 1793 tibi
727 1755 862 1794 crescit
882 1755 1024 1792 omnis:

239 1807 408 1846 Servitus
428 1808 562 1846 crescit
582 1821 681 1846 nova
701 1822 710 1853 ;
740 1821 811 1846 nec
830 1808 973 1858 priores

236 1861 378 1911 Impiae
394 1865 537 1900 tectum
555 1861 729 1899 dominae
748 1861 979 1911 relinquunt,

448 1913 567 1964 Saepe
584 1915 731 1953 minati.

240 1967 296 2006 Te
314 1967 389 2005 suis
409 1975 547 2005 matres
566 1973 743 2006 metuunt
757 1968 943 2017 juvencis,

239 2021 295 2059 Te
314 2033 422 2059 senes
440 2022 543 2071 parci
561 2034 569 2069 ;
600 2023 832 2071 miseraeque
853 2035 973 2072 nuper

238 2075 417 2125 Virgines
436 2083 588 2124 nuptae,
610 2081 677 2114 tua
696 2088 744 2113 ne
762 2076 931 2114 retardet

454 2129 562 2166 Aura
580 2130 745 2168 maritos.

474 2208 564 2247 ODE
585 2210 777 2249 IX.-Acl
800 2209 983 2262 Valqium.

240 2287 278 2325 N
281 2297 334 2325 ON
354 2299 499 2338 semper
518 2288 656 2328 imbres
675 2289 839 2327 nubibus
859 2289 1028 2340 hispidos

242 2341 404 2380 Manant
423 2342 463 2379 in
483 2354 594 2392 agros
609 2357 619 2389 ;
648 2348 715 2382 aut
733 2355 836 2381 mare
857 2342 1034 2396 Caspium

296 2395 451 2435 Vexant
469 2396 685 2448 inaequales
703 2396 889 2448 procellae

1289 1108 1313 1146 Q(

1266 1377 1316 1415 10
