1414 2666
148 160 199 198 52

592 167 803 196 CARMINUM
832 166 885 194 111.

260 266 314 304 Ut
335 266 514 304 Proetum
532 265 667 304 mulier
679 264 823 315 perfida
841 263 1036 301 credulum

254 319 372 358 Falsis
392 320 583 370 impulerit
601 318 822 357 criminibus
840 317 952 355 nimis

309 373 420 412 Casto
442 372 728 423 Bellerophonti

358 428 550 465 Maturare
568 440 709 471 necem,
729 425 854 463 refert.

254 481 395 520 Narrat
410 494 528 531 paene
548 481 678 520 datum
697 480 812 517 Pelea
832 478 1004 525 Tartaro,

255 534 495 585 Magnessam
516 534 754 585 Hippolyten
773 533 863 570 dum
884 533 984 582 fugit
1003 531 1195 570 abstinens
1213 545 1221 570 z

308 588 359 627 Et
379 602 534 639 peccare
553 589 732 627 docentes

362 643 491 681 Fallax
510 643 685 682 historias
703 647 829 680 movet
846 656 853 679 :

256 697 410 735 Frustra
427 710 436 744 3
465 710 551 734 nam
571 696 733 746 scopulis
752 696 900 733 surdior
919 694 1015 732 Icari

254 750 376 789 Voces
395 751 511 796 audit,
533 751 656 788 adhuc
675 750 834 798 integer.
891 749 956 794 At,
979 747 1048 786 tibi

307 805 367 842 Ne
388 805 531 841 vicinus
553 804 721 853 Enipeus

361 858 451 895 Plus
465 858 571 906 justo
591 858 748 906 placeat,
771 868 861 893 cave
877 869 886 900 ;

255 912 436 956 Quamvis
455 924 532 948 non
552 911 646 948 alius
665 910 817 947 flectere
836 921 973 958 equum
994 908 1114 946 sciens

255 967 385 1013 Aeque
405 965 633 1014 conspicitur
652 963 822 1013 gramine
842 963 994 1009 Martio,

308 1019 390 1056 Nec
409 1019 603 1067 quisquam
623 1019 721 1056 citus
741 1029 859 1065 aeque

363 1073 486 1110 Tusco
507 1073 662 1110 denatat
681 1072 801 1109 alveo.

254 1127 379 1164 Prima
398 1131 509 1164 noete
525 1127 678 1163 domum
698 1125 831 1163 claude
851 1138 859 1162 ι
890 1136 1011 1173 neque
1028 1124 1069 1160 in
1088 1121 1166 1160 vias

260 1179 338 1218 Sub
357 1185 471 1218 cantu
492 1181 670 1229 querulae
689 1179 838 1228 despice
855 1178 991 1217 tibiae:

310 1234 360 1272 Et
381 1240 417 1273 te
437 1247 546 1283 saepe
566 1234 716 1271 vocanti

354 1288 499 1325 Duram
519 1288 678 1325 difficilis
698 1300 821 1325 mane.

429 1392 517 1429 Om:
538 1390 775 1429 VIIL-Ad
793 1390 1053 1429 Maecenatem.

256 1496 427 1533 MARTIIS
448 1496 593 1532 caelebs
613 1494 704 1544 quid
725 1507 834 1543 agam
856 1492 1051 1538 Kalendis,

263 1550 366 1594 Quid
386 1549 503 1587 velint
522 1549 644 1594 flores,
667 1553 705 1586 et
725 1560 854 1585 acerra
872 1547 968 1585 turis

260 1603 387 1648 Plena,
410 1602 568 1648 miraris,
588 1602 807 1652 positusque
827 1601 939 1639 carbo
958 1600 1000 1637 in

474 1657 626 1702 Cespite
645 1656 739 1700 vivo,

258 1710 383 1749 Docte
403 1722 592 1748 sermones
612 1710 808 1758 utriusque
821 1709 988 1758 linguae.

199 1767 202 1770 ’
259 1764 446 1802 Voveram
467 1763 594 1802 dulces
614 1763 743 1814 epulas
763 1770 802 1801 et
821 1763 948 1800 album

260 1818 398 1856 Libero
417 1830 582 1867 caprum,
603 1830 721 1867 prope
739 1817 935 1855 funeratus

478 1871 635 1908 Arboris
655 1871 746 1908 ictu.

261 1925 338 1963 Hic
357 1925 448 1970 dies,
471 1937 570 1962 anno
589 1925 786 1968 redeunte,
807 1922 924 1960 festus

265 1979 453 2017 Cortieem
475 1978 698 2016 adstrictum
717 1977 800 2027 pice
818 1975 1024 2013 dimovebit

263 2032 478 2083 Amphorae
498 2031 644 2069 fumum
662 2031 792 2068 bibere
810 2030 1007 2068 institutae

474 2085 640 2123 Consule
661 2085 786 2122 Tullo.

258 2140 384 2186 Sume,
406 2140 618 2185 Maecenas,
640 2138 796 2189 cyathos
816 2137 925 2175 amici

261 2194 417 2242 Sospitis
437 2199 586 2232 centum
603 2206 611 2237 3
640 2199 679 2231 et
697 2192 829 2241 vigiles
848 2191 1020 2229 lucernas

266 2248 397 2285 Perfer
415 2248 455 2285 in
474 2248 596 2284 lucem
615 2261 623 2284 ε
655 2246 788 2297 procul
807 2245 927 2283 omnis
945 2249 1025 2284 esto

480 2301 642 2346 Clamor,
665 2305 704 2338 et
722 2300 790 2337 ira.

264 2355 377 2393 Mitte
396 2355 523 2392 civiles
538 2367 651 2404 super
670 2354 761 2392 urbe
781 2361 903 2391 curas.·

265 2408 415 2447 Occidit
433 2408 534 2447 Daci
550 2407 739 2448 Cotisonis
759 2418 892 2457 agmen
911 2420 919 2446 2

1287 1174 1340 1213 30

1317 1707 1340 1744 <;ι

1293 2245 1343 2283 15
