1414 2666
227 187 278 224 34
677 199 866 226 AENEmos
886 198 927 225 11.

227 295 393 344 Apparet
411 295 542 333 domus
560 298 671 341 intus,
692 302 730 334 et
749 296 842 334 atria
856 296 970 345 longa
988 300 1208 345 patescunt:

228 349 423 398 Apparent
444 349 574 387 Priami
595 360 632 387 et
650 356 816 387 veterum
835 351 1038 399 penetralia
1055 363 1211 400 regum3

227 403 472 451 Armatosque
492 403 620 441 vident
637 404 769 441 stantis
787 405 826 441 in
843 404 969 441 limine
987 404 1117 453 primo.
1306 403 1383 441 485

279 457 331 493 At
349 456 479 493 domus
496 456 650 495 interior
667 457 818 506 gemitu,
839 457 1044 506 miseroque
1061 457 1237 504 tumultu,

229 508 406 546 Miscetur
420 523 429 554 ;
460 512 678 560 penitusque
697 523 806 549 cavae
824 511 1064 561 plangoribus
1081 511 1190 549 aedes

230 562 410 600 Femineis
427 564 572 603 ululant
588 579 596 602 z
625 564 711 602 ferit
728 578 839 602 aurea
856 565 977 602 sidera
995 565 1142 602 elamor.

230 615 325 652 Tum
345 618 500 665 pavidae
518 620 626 656 tectis
645 623 780 656 matres
798 619 1013 667 ingentibus
1027 623 1166 664 errant,

228 670 504 720 Amplexaeque
522 677 651 710 tenent
671 678 802 720 postes,
823 679 934 722 atque
953 674 1078 710 oscula
1094 673 1230 720 figunt.
1308 669 1386 709 490

233 722 352 761 Instat
371 724 406 760 vi
425 725 544 774 patria
564 726 751 775 Pyrrhus;
782 739 849 763 nec
869 726 1029 763 claustra
1047 738 1167 774 neque
1185 725 1256 776 ipsi

230 776 412 814 Custodes
431 779 582 816 sufferre
601 780 725 816 valent
742 793 749 816 :
779 780 880 817 labat
899 779 1014 817 ariete
1032 781 1161 817 crebro

227 829 362 875 Janua,
383 837 419 869 et
439 833 550 869 emoti
569 834 817 882 procumbunt
835 833 984 870 cardine
1004 839 1140 882 postes.

229 883 289 921 Fit
309 885 368 921 via
387 886 421 921 vi
439 899 446 922 :
477 891 654 936 rumpunt
673 887 807 931 aditus,
830 887 1041 935 primosque
1060 886 1250 925 trucidant

230 936 384 974 lmmissi
403 938 537 983 Danai,
560 946 596 977 et
615 940 689 977 late
708 940 789 977 loca
807 940 923 977 milite
941 940 1139 990 complent.
1310 939 1387 978 495

230 990 263 1025 N
267 1003 315 1027 on
335 991 396 1036 sic,
417 994 613 1041 aggeribus
628 994 757 1042 ruptis,
778 1007 892 1043 quum
911 1006 1085 1043 spumeus
1102 994 1219 1032 amnis

229 1043 341 1089 Exiit,
363 1047 622 1095 oppositasque
641 1048 750 1084 evicit
768 1048 917 1097 gurgite
936 1047 1061 1093 moles,

228 1096 362 1136 Fertur
380 1100 418 1136 in
438 1113 524 1137 arva
541 1101 666 1138 furens
685 1101 845 1147 cumulo,
865 1114 1083 1150 camposque
1100 1113 1167 1150 per
1185 1100 1303 1139 omnis

228 1151 321 1189 Cum
341 1154 494 1190 stabulis
513 1162 679 1192 armenta
693 1155 822 1192 trahit.
874 1155 964 1192 Vidi
982 1155 1060 1204 ipse
1077 1155 1262 1192 furentem

229 1204 352 1243 Caede
368 1207 663 1256 Neoptolemum,
678 1209 916 1257 geminosque
930 1209 967 1245 in
983 1209 1109 1245 limine
1123 1207 1297 1247 Atridas:
1314 1207 1392 1246 500

228 1258 319 1296 Vidi
338 1260 541 1306 Hecubam,
563 1268 785 1310 centumque
805 1275 928 1309 nurus,
951 1262 1211 1310 Priamumque
1228 1275 1294 1312 per
1312 1274 1393 1300 aras

227 1312 416 1362 Sanguine
435 1314 657 1361 foedantem,
678 1327 769 1363 quos
787 1316 866 1365 ipse
885 1321 1105 1362 sacraverat,
1124 1316 1234 1365 ignis.

230 1368 513 1416 Quinquaginta
532 1369 584 1405 illi
604 1369 766 1411 thalami,
788 1383 868 1418 spes
888 1375 992 1408 tanta
1006 1374 1197 1418 nepotum,

232 1421 431 1458 Barbarico
450 1428 573 1471 postes
592 1436 682 1459 auro
701 1424 896 1472 spoliisque
915 1423 1076 1472 superbi,
1339 1453 1343 1458 .

236 1476 479 1513 procubuere.
536 1476 682 1514 Tenent
701 1477 835 1522 Danai,
857 1490 929 1526 qua
947 1476 1072 1514 deficit
1090 1475 1201 1525 ignis.
1313 1475 1391 1514 505

282 1529 453 1567 Forsitan
472 1534 519 1573 et,
544 1529 679 1567 P1iami
697 1531 835 1569 fuerint
850 1543 943 1580 quae
962 1531 1049 1576 fata,
1068 1529 1247 1580 requiras.

233 1583 344 1620 Urbis
364 1583 419 1620 uti
438 1589 565 1632 captae
584 1597 707 1621 casum
726 1585 970 1633 convolsaque
989 1584 1082 1622 vidit

229 1637 376 1674 Limina
396 1643 588 1683 tectorum,
611 1646 648 1675 et
666 1639 825 1675 medium
844 1639 884 1675 in
902 1638 1152 1687 penetralibus
1169 1636 1338 1682 hostem3

229 1692 344 1727 Arma
362 1690 427 1727 diu
445 1692 566 1729 senior
585 1692 749 1736 desueta,
770 1692 1012 1730 trementibus
1030 1704 1133 1736 aevo,

232 1745 447 1782 Circumdat
466 1746 713 1794 nequidquam
733 1746 907 1792 humeris,
927 1752 966 1783 et
984 1745 1116 1783 inutile
1132 1745 1271 1784 ferrum
1315 1743 1394 1783 510

231 1798 418 1846 Cingitur‚
437 1811 480 1835 ac
499 1799 632 1835 densos
651 1799 768 1836 fertur
787 1800 987 1836 moriturus
1005 1799 1044 1836 in
1062 1799 1191 1837 hostis.

283 1852 451 1888 Aedibus
471 1852 510 1888 in
525 1853 664 1897 mediis,
685 1854 858 1900 nudoque
876 1854 945 1890 sub
964 1853 1123 1890 aetheris
1143 1865 1224 1898 axe,

231 1905 366 1953 Ingens
385 1918 448 1942 ara
465 1905 557 1950 fuit;
580 1906 763 1955 juxtaque
782 1906 976 1944 veterrima
993 1905 1129 1952 laurus,

234 1959 453 1995 lncumbens
473 1972 567 2005 arae,
589 1966 699 2007 atque
719 1961 846 1996 umbra
864 1960 1055 2009 complexa
1075 1960 1245 1998 Penates.

232 2012 306 2049 Hic
327 2012 484 2050 Hecuba
503 2019 538 2050 et
557 2021 666 2050 natae
686 2013 935 2062 nequidquam
954 2013 1085 2050 altaria
1103 2014 1253 2059 circum,
1317 2012 1393 2052 515

235 2065 455 2115 Praecipites
474 2072 554 2104 atra
574 2080 639 2103 ceu
660 2073 880 2115 tempestate
899 2067 1102 2112 columbae,

233 2120 462 2165 Condensae,
483 2127 521 2157 et
540 2121 663 2157 divom
682 2121 871 2169 amplexae
889 2121 1094 2166 simulacra,
1114 2119 1305 2159 sedebant.

235 2173 358 2221 Ipsum
377 2179 498 2211 autem
519 2174 650 2211 sumtis
673 2174 861 2211 Priamum
875 2174 1112 2223 juvenalibus
1129 2173 1238 2212 armis

233 2227 286 2264 Ut
305 2227 421 2270 vidit;
453 2227 559 2272 Quae
577 2240 680 2265 mens
699 2234 772 2265 tam
792 2228 884 2273 dira,
903 2228 1104 2265 miserrime
1121 2227 1294 2277 conjunx,

231 2280 382 2329 Impulit
401 2281 457 2317 his
476 2281 575 2330 cingi
595 2282 677 2319 telis
695 2282 714 2319 P
743 2288 809 2319 aut
828 2294 902 2330 quo
921 2282 996 2318 ruis
1011 2281 1031 2318 ⁸?
1059 2281 1192 2331 inquit.
1317 2281 1394 2319 520

230 2334 317 2370 Non
337 2335 403 2372 tali
422 2336 570 2381 auxilio,
592 2348 659 2372 nec
679 2335 933 2372 defensoribus
951 2335 1042 2380 istis,

231 2388 393 2437 Tempus
411 2395 519 2436 eget;
549 2402 636 2434 non,
657 2389 687 2426 si
701 2390 779 2438 ipse
798 2401 900 2425 meus
919 2401 1020 2425 nunc
1039 2387 1183 2427 adforet
1202 2387 1357 2426 Hector.

232 2442 317 2478 Huc
337 2441 486 2478 tandem
506 2442 688 2480 concede:
718 2443 807 2479 haec
826 2455 889 2480 ara
907 2441 1074 2481 tuebitur
1091 2442 1209 2480 omnis
1225 2455 1234 2487 ;
