1475 2712
90 227 194 280 111]
504 219 856 289 GEORGIOON.
1234 230 1282 266 εἰ

87 334 167 373 Sed
186 348 247 373 me
267 334 424 373 Parnasi
447 334 599 372 deserta
618 346 687 383 per
705 333 825 370 ardua
844 332 968 370 duleis
1208 337 1283 373 291

89 389 235 438 Raptat
254 401 378 432 amor3
391 388 506 436 juvat
524 387 581 424 ire
593 386 715 436 jugis,
736 399 813 434 qua
831 386 939 424 nulla
961 386 1131 435 priorum

84 441 299 481 Castaliam
319 441 424 478 molli
444 441 662 478 devertitur
681 440 807 477 orbita
826 440 940 477 clivo.

141 495 270 541 Nunc,
291 494 511 533 veneranda
535 493 660 538 Pales,
682 506 823 541 magno
846 506 952 530 nunc
972 506 1036 531 ore
1056 495 1285 532 sonandum.

87 549 285 598 Incipiens
305 547 469 586 stabulis
489 546 596 584 edico
615 547 657 583 in
678 547 861 584 mollibus
881 547 1039 584 herbam
1208 550 1284 586 295

89 602 261 652 Carpere
279 615 381 646 oves,
402 602 495 637 dum
515 613 608 637 mox
627 599 810 637 frondosa
829 601 1030 637 reducitur
1050 607 1177 648 aestas3

85 655 139 692 Et
158 655 281 693 multa
298 656 434 692 duram
454 654 596 702 stipula
616 653 840 702 filicumque
860 654 1041 702 maniplis

85 707 272 747 Sternere
291 709 423 746 subter
441 708 614 752 humum,
635 707 779 756 glacies
799 719 848 744 ne
867 707 1012 756 frigida
1030 708 1145 746 laedat

84 762 205 800 Molle
225 775 351 811 pecus,
375 761 617 810 scabiemque
637 760 737 798 ferat
756 766 968 809 turpesque
988 762 1189 811 podagras.

83 815 180 853 Post
198 816 290 853 hinc
309 816 504 865 digressus
517 814 638 862 jubeo
656 814 878 850 frondentia
896 816 1024 863 capris
1206 817 1284 853 300

83 869 241 907 Arbuta
260 868 446 912 sufficere,
467 874 505 905 et
522 867 664 905 fluvios
684 868 857 916 praebere
876 874 1061 913 recentes,

83 922 136 959 Et
156 923 307 959 stabula
326 935 348 958 a
368 922 495 959 ventis
514 921 677 958 hiberno
697 933 889 969 opponere
909 921 979 957 soli

83 976 148 1012 Ad
170 976 338 1013 medium
359 987 544 1012 conversa
564 975 677 1019 diem,
699 987 785 1011 cum
806 974 972 1023 frigidus
992 975 1084 1012 olim

79 1028 175 1066 Jam
195 1029 298 1067 cadit
317 1035 569 1077 extremoque
587 1028 729 1065 irrorat
750 1027 950 1075 Aquarius
970 1041 1082 1066 auno.

83 1082 157 1118 Hae
177 1094 330 1131 quoque
349 1094 425 1118 non
445 1094 538 1118 cura
558 1081 668 1118 nobis
687 1081 833 1118 leviore
852 1082 1022 1125 tuendae;
1201 1084 1280 1119 305

81 1135 168 1172 Nec
185 1136 312 1172 minor
333 1147 423 1171 usus
443 1135 533 1171 erit:
555 1135 734 1183 quamvis
757 1134 911 1171 Milesia
930 1147 1071 1183 magno

83 1188 241 1226 Vellera
260 1194 459 1225 mutentur
480 1187 623 1236 Tyrios
641 1188 792 1224 incocta
811 1188 984 1224 rubores.

83 1242 250 1279 Densior
269 1242 360 1279 hinc
380 1241 550 1285 suboles3
570 1241 660 1278 hinc
680 1240 779 1289 largi
799 1241 909 1289 copia
927 1242 1051 1278 lactis.⁷

81 1294 210 1341 Quam
229 1296 354 1344 magis
373 1296 562 1332 exhausto
582 1294 821 1343 spumaverit
839 1295 958 1332 ubere
979 1295 1153 1340 mulctra,

79 1348 188 1386 Laeta
205 1350 329 1404 magis
350 1348 490 1396 pressis
511 1349 722 1385 manabunt
740 1348 902 1384 flumina
922 1349 1112 1385 mammis.
1203 1351 1281 1386 310

83 1402 167 1440 Nec
186 1403 314 1440 minus
333 1402 481 1439 interea
501 1403 638 1438 barbas
657 1401 872 1449 incanaque
892 1409 1021 1439 menta

80 1454 270 1505 Cinyphii
289 1456 449 1493 tondent
469 1455 569 1492 hirci
590 1461 750 1503 saetasqe
770 1463 965 1492 comantes

83 1509 209 1547 Usum
228 1510 269 1546 in
291 1516 517 1553 castrorum,
539 1515 576 1545 et
597 1508 748 1545 miseris
767 1508 962 1546 velamina
981 1509 1122 1546 nautis.

79 1563 300 1600 Pascuntur
320 1575 412 1599 vero
432 1562 548 1599 silvas
568 1568 607 1599 et
627 1574 776 1599 summa
794 1562 926 1611 Lycaei

82 1607 374 1664 Horrentesque
394 1617 511 1652 rubos
530 1621 569 1652 et
588 1622 760 1652 amantes
780 1616 901 1652 ardua
919 1616 1071 1660 dumos3
1199 1619 1277 1654 315

81 1671 215 1718 Atque
233 1670 326 1718 ipsae
346 1681 532 1706 memores
552 1669 716 1720 redeunt
735 1669 775 1705 in
796 1676 908 1713 tecta,
930 1682 1095 1716 suosque

81 1722 241 1760 Ducunt
261 1729 298 1760 et
317 1722 479 1772 gravido
499 1729 684 1770 superant
702 1722 772 1757 vix
793 1723 911 1759 ubere
931 1723 1061 1759 limen.

79 1775 187 1824 Ergo
206 1776 311 1812 omui
331 1776 458 1813 studio
475 1776 638 1824 glaciem
660 1782 870 1823 ventosque
890 1776 1048 1820 nivales,

81 1828 169 1875 Quo
187 1830 313 1867 minor
331 1835 389 1866 est
408 1829 484 1865 illis
504 1840 608 1865 curae
627 1828 799 1865 mortalis
819 1834 982 1878 egestas,

79 1884 250 1920 Avertes
258 1898 267 1926 3
288 1883 511 1930 victumque
530 1882 630 1919 feres
651 1888 689 1918 et
709 1882 845 1931 virgea
863 1882 974 1918 laetus
1198 1885 1277 1921 320

79 1936 244 1980 Pabula3
264 1949 336 1973 nee
355 1942 436 1973 tota
454 1936 608 1973 claudes
628 1935 775 1972 soeuilia
794 1937 942 1972 bruma.

133 1990 191 2026 At
211 2002 314 2034 vero,
336 1989 526 2039 Zephyris
546 2002 634 2025 cum
654 1989 742 2025 laeta
763 1990 989 2026 vocantibus
1008 1995 1119 2027 aestas

79 2042 128 2079 In
149 2043 268 2080 saltus
287 2051 494 2091 utrumque
512 2054 671 2092 gregem
690 2048 806 2091 atque
825 2043 865 2079 in
886 2056 1028 2091 pascua
1048 2044 1188 2090 mittet,

78 2095 253 2134 Luciferi
274 2096 398 2144 primo
418 2109 508 2132 cum
527 2096 652 2133 sidere
671 2095 816 2145 frigida
835 2109 926 2133 rura

80 2148 306 2198 Carpamus,
328 2150 420 2185 dum
439 2161 552 2186 mane
572 2162 727 2194 novum,
749 2150 842 2186 dum
860 2150 1038 2198 gramina
1057 2158 1207 2196 canent,
1259 2150 1265 2155 '

78 2202 134 2239 Et
152 2216 214 2240 ros
234 2203 275 2239 in
294 2209 428 2239 tenera
446 2202 574 2251 pecori
593 2203 838 2251 gratissimus
858 2204 991 2240 herba.
1197 2207 1274 2244 326

77 2256 188 2301 Inde,
211 2256 277 2293 ubi
297 2261 435 2304 quarta
453 2256 559 2292 sitim
578 2256 661 2293 coeli
681 2255 879 2304 collegerit
899 2257 1006 2300 hora,

77 2309 130 2346 Et
149 2315 266 2346 cantu
284 2309 453 2357 querulae
472 2315 652 2358 rumpent
671 2309 828 2349 arbusta
849 2310 1000 2354 cicadae‚

78 2362 145 2399 Ad
163 2368 300 2411 puteos
319 2368 386 2400 aut.
406 2363 483 2400 alta
501 2374 639 2412 greges
657 2363 705 2400 ad
725 2369 863 2412 stagna
880 2362 1018 2412 jubeto

79 2414 312 2453 Currentem
330 2415 615 2465 ilignis‘potare
635 2416 833 2454 canalibus
855 2417 993 2454 undam
1001 2432 1012 2461 ;
1194 2420 1273 2456 330

79 2466 259 2506 AEstibus
278 2475 317 2508 at
336 2470 472 2507 mediis
492 2471 713 2507 umbrosam
732 2471 937 2519 exquirere
961 2471 1111 2516 vallem,

671 2534 697 2559 D
