1414 2666
120 150 173 188 18

581 161 793 189 ommim
811 161 841 189 1.
875 149 879 152 ’

231 257 334 296 Pone
352 255 421 295 sub
440 268 548 294 curru
563 257 716 295 nimium
736 256 928 307 propinqui

230 310 334 358 Solis,
354 311 394 349 in
415 316 508 347 terra
527 309 700 349 domibus
719 316 850 360 negata
869 324 879 356 ;

226 364 347 402 Dulce
359 363 535 402 ridentem
555 363 713 414 Lalagen
733 364 881 412 amabo,

333 416 455 456 Dulce
474 418 698 467 loquentem.

442 508 818 561 oDE;XXII1.-Aoz
837 506 988 549 σὴιοεη.

229 599 358 639 VrrAs
379 599 554 640 hinnuleo
574 614 634 640 me
655 602 794 647 similis,
814 600 947 647 Chloe,

226 655 416 702 Quaerent
434 655 607 706 pavidam
630 656 813 694 montibus
824 655 914 693 aviis

280 708 456 756 Matrem,
471 721 544 747 non
566 710 644 747 sine
662 721 760 747 vano

335 761 524 800 Aurarum
545 769 581 800 et
599 763 715 800 siluae
736 768 851 799 metu.

229 814 344 862 Nam,
362 827 429 853 seu
449 816 642 854 mobilibus
660 817 780 865 vepris
799 814 976 852 inhorruit

231 868 294 908 Ad
312 877 461 908 ventum
481 869 589 917 foliis,
609 881 673 906 seu
693 867 825 906 virides
842 868 974 906 rubum

284 922 488 961 Dimovere
505 924 677 969 lacertae,

343 977 392 1015 Et
410 976 518 1014 corde
537 983 574 1013 et
591 977 742 1026 genibus
760 976 892 1015 tremit.

231 1029 287 1069 At
303 1031 363 1081 qui
383 1043 457 1068 non
475 1043 542 1078 ego
560 1037 608 1076 te,
628 1030 723 1079 tigris
742 1036 782 1067 ut
799 1042 944 1080 aspera,

232 1083 458 1122 Gaetulusve
477 1085 546 1132 leo,
567 1083 730 1132 frangere
748 1096 954 1134 persequor.

288 1137 458 1176 Tandem
479 1137 606 1176 desine
625 1144 778 1175 matrem

339 1190 580 1242 Tempestiva
599 1191 703 1241 sequi
727 1191 818 1230 viro.

416 1284 507 1323 ODE
528 1283 798 1324 XXIV.—Ad
819 1284 1033 1338 Viryilium.

234 1364 340 1410 Qms
357 1363 534 1402 desiderio
553 1364 598 1401 sit
615 1364 745 1415 pudor,
765 1370 829 1401 aut
846 1363 992 1413 modus,

234 1417 330 1455 Tam
349 1418 423 1455 cari
443 1418 573 1467 capitis
590 1419 610 1456 ἶ)
666 1417 842 1467 Praecipe
859 1418 1032 1468 lugubres

235 1471 390 1517 Cantus,
411 1470 663 1521 Melpomene,
684 1472 740 1509 cui
760 1470 932 1522 liquidam
951 1478 1055 1522 pater

345 1524 488 1563 Vocem
511 1538 597 1563 cum
618 1524 758 1562 cithara
777 1525 886 1563 dedit.

236 1577 334 1628 Ergo
354 1579 598 1626 Quinctilium
616 1585 814 1629 perpetuus
832 1591 941 1630 sopor

234 1632 402 1681 Urguet?
431 1633 491 1670 cui
512 1632 645 1680 Pudor,
665 1639 699 1671 et
715 1632 739 1671 J
743 1634 887 1672 ustitiae
905 1645 1016 1682 soror,

238 1685 454 1737 Incorrupta
474 1685 595 1734 Fides,
616 1686 789 1737 nudaque
808 1687 954 1725 Veritas

346 1740 508 1787 Quando
527 1741 639 1778 ullum
656 1740 819 1777 inveniet
836 1752 962 1790 parem
977 1741 997 1780 Ρ

236 1795 365 1834 Multis
383 1796 441 1832 ille
460 1794 564 1832 bonis
583 1794 712 1831 flebilis
731 1793 866 1831 occidit
877 1806 887 1840 ς

236 1847 339 1886 Nulli
360 1848 524 1895 flebilior,
544 1860 654 1897 quarn
677 1847 753 1894 tibi,
773 1847 911 1895 virgili.

235 1901 295 1939 Tu
313 1901 442 1939 frustra
461 1901 557 1951 pius,
577 1900 649 1938 heu
666 1901 675 1939 1
705 1913 779 1937 non
798 1900 847 1937 ita
866 1899 1057 1949 creditum,

345 1954 474 1993 Poscis
493 1954 737 2000 Quinctilium
755 1953 854 1992 deos.

237 2007 349 2055 Quod
369 2010 398 2046 si
419 2008 590 2046 Threi'cio
609 2007 775 2044 blandius
794 2006 944 2058 Orpheo

239 2061 420 2102 Auditam
440 2062 632 2100 moderere
648 2061 839 2098 arboribus
857 2060 969 2100 fidem
991 2075 1002 2111 ς

238 2116 324 2157 Non
345 2127 465 2153 vanae
484 2115 607 2153 redeat
621 2115 766 2164 sanguis
785 2115 947 2164 imagini,

347 2170 473 2216 Quam
489 2170 588 2218 virga
607 2170 718 2206 semel
739 2168 894 2217 horrida,

238 2223 325 2264 Non
344 2223 436 2260 lenis
454 2224 626 2273 precibus
639 2223 715 2260 fata
733 2223 933 2269 recludere,

242 2276 355 2326 Nigro
369 2278 585 2327 compulerit
605 2276 806 2315 Mercurius
823 2276 930 2327 gregi.

241 2329 387 2369 Durum
406 2343 416 2368 z
443 2330 505 2368 sed
525 2331 642 2369 levius
662 2331 701 2368 fit
718 2330 907 2381 pauentia

351 2384 538 2435 Quidquid
560 2384 734 2434 corrigere
752 2390 809 2422 est
826 2383 944 2424 nefas.

1267 1086 1313 1122 10

1273 1851 1318 1887 10

1275 2120 1321 2156 15

1270 2386 1323 2425 20
