1414 2666
90 226 140 262 32
198 225 241 261 P.
263 223 418 263 VIRG.
442 223 702 263 MARONIS
724 223 1070 264 GEORGICON.
1103 223 1287 277 [Lan.

88 333 134 369 L
126 337 232 370 n„esea
253 332 479 377 demittunt,
496 331 737 380 pinguesque
755 331 796 368 in
815 332 989 381 glamine
1008 332 1099 370 laeto
1200 334 1285 370 5252

88 386 198 423 Inter
219 398 258 422 se
278 386 395 422 advel
398 386 447 422 sis
466 385 664 422 luctantur
683 386 863 423 comibus
882 386 995 423 haedi.

87 440 177 487 Ipse
198 440 278 476 dies
299 439 420 488 agitat
441 438 571 483 festos,
590 438 775 487 fususque
795 451 864 488 per
884 440 1055 485 herbam,

87 493 197 540 Ignis
217 493 284 529 ubi
304 493 344 529 in
365 493 492 529 medio
512 497 550 529 et
569 492 663 528 socii
682 498 831 530 cratera
849 499 1046 537 coronant,

87 546 122 582 T
125 560 156 590 e,
178 547 314 590 libans,
336 546 488 590 Lenaee,
510 552 640 589 νοοίης
660 547 883 595 pecorisque
903 546 1100 595 magistris

85 600 243 637 Veloeis
265 599 387 647 jaculi
405 599 615 636 certamina
636 600 743 648 ponit
761 600 801 636 in
822 600 936 645 ulmo,
1203 599 1290 637 53o=

86 652 334 702 Corporaque
353 653 495 702 agresti
516 653 664 690 nudant
685 653 863 701 praedura
882 653 1083 702 palaestrae.

83 706 198 743 Hanc
218 707 309 744 olim
330 714 479 744 veteres
499 707 618 743 vitam
638 707 789 743 coluere
812 706 958 752 Sabini,

85 760 199 797 Hanc
220 761 366 798 Remus
384 766 422 797 et
441 759 579 803 frater3
599 760 653 797 sic
673 759 784 797 fortis
803 760 964 797 Etruria
983 759 1110 797 crevit

87 813 254 858 Scilicet,
277 820 315 851 et
334 826 463 851 rerum
483 813 585 850 facta
605 818 664 850 est
683 813 944 860 pulcherrima
963 813 1103 858 Roma,
1275 854 1278 857 ,

87 868 322 916 Septemque
344 879 418 903 una
438 867 512 903 sibi
531 879 642 903 muro
662 867 916 903 circumdedit
935 878 1058 904 arces.
1201 866 1286 904 535

84 923 192 958 Ante
213 921 330 958 etiam
351 925 546 968 sceptrum
567 919 708 957 Dictaei
727 919 842 968 regis,
864 925 903 957 et
922 925 1012 957 ante

83 974 211 1023 Impia
230 987 346 1023 quam
366 974 474 1011 caesis
494 986 590 1022 gens
609 980 667 1010 est
687 973 841 1022 epulata
853 972 1050 1021 juvencis,

84 1028 242 1065 Aureus
262 1029 361 1065 hanc
385 1027 504 1064 vitam
524 1027 564 1063 in
585 1027 700 1064 terris
723 1026 913 1064 Saturnus
931 1028 1083 1076 agebat.

84 1081 264 1118 Necdum
288 1081 403 1118 etiam
424 1081 627 1118 audierant
646 1080 773 1117 inflari
794 1081 965 1126 classica,
984 1080 1149 1118 necdum

84 1135 291 1184 Impositos
311 1135 420 1172 duris
439 1134 628 1182 crepitare
648 1134 854 1171 incudibus
874 1146 998 1171 enses.
1200 1134 1287 1171 540³

143 1189 219 1226 sed
238 1200 307 1225 nos
324 1189 555 1225 immensum
574 1188 709 1237 spatiis
729 1187 965 1225 confecimus
983 1199 1128 1235 aequor,

84 1241 136 1279 Et
150 1242 232 1291 jam
252 1249 408 1292 tempus
427 1254 569 1291 equum
589 1241 779 1279 fumantia
792 1241 940 1279 solvere
959 1241 1067 1279 colla„
