1414 2666
506 389 550 429 P.
580 390 811 432 VIRGILII
840 395 1092 435 MARONIS

483 522 1128 590 AENEIDOS

703 690 836 722 LIBER
858 690 901 722 11.

221 832 478 870 Comcnemz
499 848 637 881 omnes,
659 836 867 886 intentique
884 849 950 874 ora
968 835 1161 874 tenebant.

221 886 314 924 Inde
333 892 421 925 toro
444 895 550 937 pater
570 889 717 927 Aeneas
739 890 790 927 sic
808 903 914 928 orsus
934 891 981 927 ab
1000 890 1101 928 alto:

274 940 484 986 Infandum,
506 943 666 991 Regina,
681 943 791 992 jubes
809 957 989 981 renovare
1008 943 1186 989 dolorem,

222 993 254 1030 Γ
258 1006 404 1043 rOJanaS
423 1002 465 1033 ut
484 1009 573 1045 opes
594 1004 631 1035 et
649 997 887 1035 lamentabile
904 1010 1062 1059 regnum

219 1047 397 1087 Eruerint
417 1050 563 1088 Danai:
595 1063 762 1100 quaeque
780 1051 858 1102 ipse
877 1051 1082 1088 miserrima
1099 1050 1191 1095 vidi,
1366 1049 1391 1086 5

224 1101 274 1140 Et
292 1115 449 1150 quorum
463 1117 547 1152 pars
566 1117 702 1153 magna
720 1105 784 1142 fui.
843 1105 948 1151 Quis,
969 1105 1059 1143 talia
1076 1104 1202 1148 fando,

223 1155 514 1205 Myrmidonum,
535 1156 782 1208 Dolopumve,
803 1163 868 1197 aut
887 1158 972 1196 duri
990 1158 1095 1195 miles
1116 1156 1232 1202 Ulixi,

224 1209 422 1259 Temperet
443 1224 464 1248 a
484 1211 645 1250 lacrimis
660 1212 679 1250 Ῥ
708 1218 745 1250 et
758 1212 838 1261 jam
856 1225 933 1250 nox
949 1212 1104 1249 humida
1121 1211 1225 1249 coelo

225 1262 462 1314 Praecipitat,
485 1266 715 1315 suadentque
729 1266 902 1304 cadentia
920 1266 1043 1303 sidera
1059 1277 1207 1303 somnos
1223 1277 1232 1302 :

222 1317 308 1362 Sed,
328 1318 359 1355 si
380 1324 506 1357 tantus
525 1332 626 1357 amor
646 1333 751 1357 casus
770 1332 992 1368 cognoscere
1010 1324 1168 1364 nostros,
1341 1315 1392 1353 10

225 1370 273 1408 Et
294 1372 456 1409 breviter
476 1373 611 1422 Trojae
630 1387 842 1423 supremum
861 1374 990 1411 audire
1007 1373 1197 1418 laborem3

224 1425 459 1474 Quamquam
479 1427 622 1464 animus
641 1427 849 1464 meminisse
862 1427 1001 1472 horret,
1020 1427 1198 1475 luctuque
1215 1424 1366 1475 refugit,

225 1478 417 1528 Incipiam.
474 1480 598 1518 Fracti
617 1481 726 1526 bello,
747 1481 905 1529 fatisque
918 1480 1068 1530 repulsi,

225 1532 412 1570 Ductores
432 1533 619 1580 Danaum,
640 1540 698 1572 tot
711 1535 790 1583 jam
808 1535 1020 1572 labentibus
1039 1534 1156 1580 annis,

226 1585 349 1624 Instar
363 1588 499 1625 montis
519 1601 666 1638 equum,
686 1589 812 1626 divina
831 1588 993 1626 Palladis
1012 1593 1104 1634 arte,
1343 1585 1392 1623 15

226 1639 451 1686 Aedificant,
473 1648 644 1690 sectaque
663 1643 839 1680 intexunt
859 1643 980 1680 abiete
999 1647 1130 1679 costas.

226 1693 367 1731 Votum
386 1707 453 1744 pro
473 1696 597 1734 reditu
615 1696 791 1734 simulant
811 1708 819 1732 :
848 1709 892 1733 ea
910 1696 1007 1733 fama
1025 1699 1197 1744 vagatur.

222 1747 320 1793 Huc,
342 1749 486 1787 delecta
505 1750 625 1786 virum
644 1750 767 1788 sortiti
786 1762 951 1799 corpora,
972 1749 1103 1787 furtim

222 1800 430 1840 Ineludunt
449 1816 559 1840 cacco
578 1803 698 1849 lateri,
721 1804 944 1853 penitusque
958 1815 1133 1840 cavernas

226 1857 395 1905 Ingentis
414 1861 635 1906 uterumque
654 1863 795 1894 armato
815 1857 931 1894 milite
949 1856 1148 1906 complent.
1346 1854 1398 1892 20

283 1910 378 1948 Est
368 1923 407 1947 m
426 1918 628 1960 conspectu
648 1911 832 1956 Tenedos,
852 1911 1045 1948 notissima
1062 1910 1160 1947 fama

228 1964 365 2010 Insula,
385 1964 488 2001 dives
507 1977 631 2013 opum,
654 1964 791 2001 Priami
810 1939 901 2002 dum
919 1977 1036 2013 regna
1053 1963 1279 2007 manebant3

230 2018 344 2056 Nunc
361 2024 511 2056 tantum
529 2019 643 2063 sinus,
665 2024 703 2056 et
717 2019 828 2056 statio
849 2018 944 2056 male
964 2018 1039 2055 fida
1057 2016 1221 2055 earinis:

232 2072 320 2109 Huc
338 2085 377 2109 se
396 2072 562 2121 provecti
578 2072 753 2109 deserto
744 2085 784 2108 1n
802 2072 929 2110 litt-ore
947 2071 1130 2109 condunt.

230 2126 309 2163 Nos
329 2126 460 2163 abiisse
478 2126 562 2171 rati,
582 2131 620 2164 et
639 2131 751 2163 vento
770 2126 901 2175 petiise
917 2126 1107 2175 Mycenas.
1345 2123 1396 2162 25

231 2179 328 2228 Ergo
348 2182 466 2217 omnis
485 2181 598 2227 longo
617 2179 730 2216 solvit
748 2193 787 2216 se
809 2179 966 2216 Teucria
984 2179 1088 2216 luctu
1104 2191 1112 2216 :

231 2233 456 2271 Panduntur
472 2240 625 2283 portae:
647 2233 757 2282 juvat
776 2233 841 2278 ire,
863 2239 900 2270 et
921 2233 1061 2269 Dorica
1079 2237 1200 2270 eastra

231 2287 483 2336 Desertosque
502 2287 628 2324 videre
647 2288 758 2332 locos,
779 2287 960 2336 littusque
974 2286 1157 2323 relietum.

228 2340 302 2377 Hic
323 2341 511 2391 Dolopum
530 2354 671 2385 manus,
692 2341 752 2378 hic
771 2353 900 2378 saevus
919 2339 1100 2378 tendebat
1118 2338 1284 2378 Achilles
1305 2354 1314 2378 ε

229 2394 417 2432 elassibus
437 2395 496 2433 hic
514 2395 617 2431 loeus
637 2407 646 2432 :
676 2394 737 2432 hic
763 2394 841 2431 acie
859 2399 1002 2431 certare
1019 2393 1201 2431 solebant.
1344 2393 1395 2432 30

229 2448 320 2486 Pars
339 2454 463 2499 stupet
482 2450 661 2498 innuptae
679 2448 819 2485 donum
839 2447 989 2485 exitiale
1009 2447 1211 2494 Minervae,
