1414 2666
168 183 218 221 62
563 198 600 223 p.
628 197 753 225 ovum
781 197 942 226 NASONIS
1237 187 1332 238 [mn.

223 291 299 329 Sub
318 293 470 331 verbum
490 295 659 343 querulas
675 296 822 345 impulit
839 307 928 333 aura
944 294 1052 344 sores.

168 344 326 390 Exsilit3
356 352 394 385 et
413 348 520 384 velox
539 350 668 386 humili
687 363 795 399 super
814 362 901 387 arva
918 349 1079 386 fenestra

218 399 265 437 Se
277 400 383 448 jacit.
437 401 629 440 Audacem
646 403 782 441 fecerat
800 404 878 452 ipse
898 403 1021 441 timor.

167 453 324 502 Quaque
341 459 442 492 metu
461 456 614 504 rapitur,
634 457 761 495 tunica
779 458 900 495 velata
917 457 1080 494 recincta
1156 486 1158 488 v
1254 457 1330 494 645

217 507 354 553 Currit,
375 514 418 546 ut
437 509 572 547 auditis
591 511 720 548 territa
737 511 848 548 dama
865 511 971 560 lupis.

166 560 347 610 Corniger
366 562 461 599 hanc
481 564 623 612 cupidis
642 565 805 614 rapuisse
824 564 1016 601 Numicius
1034 563 1146 601 undis

220 614 410 662 Creditur,
431 622 469 653 et
488 618 628 666 stagnis
648 618 850 655 occuluisse
869 619 957 656 suis.

164 666 313 705 Sidonis
331 669 473 708 interea
491 685 626 721 magno
645 672 803 709 clamore
821 685 886 721 per
905 685 1013 720 agros

219 722 420 767 Quaeritur.
476 726 671 775 Apparent
690 726 796 774 signa
814 731 989 775 notaeque
1007 726 1156 776 pedum.
1249 724 1326 764 651)

162 773 329 813 Ventum
347 783 426 816 erat
444 779 492 815 ad
511 780 629 828 ripas:
659 779 806 817 inerant
824 780 980 829 vestigia
997 780 1099 829 ripis.

219 828 404 869 Sustinuit
424 833 557 870 tacitas
573 833 741 870 conscius
760 833 876 869 amnis
891 846 1015 882 aquas.

167 882 249 931 Ipsa
267 883 367 933 loqui
385 885 461 922 visa
481 892 547 931 est,
572 883 711 923 Placidi
730 899 810 922 sum
825 887 1001 936 Nympha
1019 885 1169 924 Numici
1185 899 1194 924 ε

217 935 341 974 Amne
356 952 516 988 perenne
535 940 654 978 latens
667 940 778 976 Anna
798 940 968 978 Perenna
981 953 1106 979 vocor.

167 989 343 1028 Protinus
367 994 509 1039 erratis,
530 994 607 1032 laeti
626 998 825 1030 vescuntur
844 994 883 1030 in
903 995 1012 1043 agris,
1254 993 1331 1031 655

219 1044 267 1082 Et
286 1046 473 1084 celebrant
492 1048 595 1096 largo
611 1059 721 1097 seque
740 1047 912 1097 diemque
930 1061 1045 1086 mero.

165 1096 259 1134 Sunt
279 1101 407 1147 quibus
435 1101 514 1139 haec
541 1102 650 1139 Luna
669 1106 735 1146 est,
766 1102 853 1150 quia
871 1102 1058 1140 mensibus
1084 1100 1236 1151 impleat
1263 1113 1328 1138 an-

320 1166 408 1191 num
429 1168 437 1192 :

214 1205 305 1243 Pars
326 1208 494 1254 Themin,
517 1209 703 1249 Inachiam
722 1225 805 1262 pars
825 1215 932 1262 putat
949 1222 1027 1248 esse
1044 1209 1190 1246 bovem,

165 1259 344 1306 Invenies,
366 1263 427 1309 qui
447 1268 485 1300 te
506 1264 705 1314 Nymphen
718 1266 915 1304 Atlantida
934 1265 1071 1308 dicant,

217 1314 343 1362 Teque
361 1316 387 1352 J
390 1317 449 1352 ovi
469 1318 615 1366 primos,
637 1320 760 1365 Anna,
781 1320 926 1357 dedisse
945 1318 1058 1354 cibos.
1245 1314 1325 1353 660

163 1366 255 1404 Haec
275 1376 429 1417 quoque,
447 1383 556 1419 quam
576 1372 741 1419 referam,
764 1378 909 1410 nostras
928 1370 1099 1421 pervenit
1117 1369 1166 1407 ad
1184 1381 1294 1406 auras

218 1421 329 1459 Fama
345 1436 353 1460 ι
384 1436 452 1461 nec
472 1438 493 1462 a
512 1438 597 1462 vera
619 1425 774 1464 dissidet
792 1427 856 1463 illa
873 1426 959 1462 fide.

161 1474 271 1512 Plebs
292 1482 407 1521 vetus,
429 1484 466 1515 et
485 1479 595 1515 nullis
614 1480 815 1517 etiamnum
834 1485 917 1518 tuta
931 1478 1100 1523 tribunis,

214 1528 337 1578 Fugit,
359 1536 394 1568 et
414 1531 453 1568 in
474 1532 575 1570 Sacri
595 1534 731 1572 vertice
750 1534 884 1571 montis
903 1533 992 1570 abit.

159 1582 184 1619 J
187 1596 245 1619 am
265 1596 423 1634 quoque,
442 1598 550 1634 quem
570 1600 692 1624 secum
708 1588 884 1631 tulerant,
904 1587 1090 1624 defecerat
1109 1585 1190 1622 illos
1244 1582 1322 1622 665

215 1637 357 1680 Victus,
379 1644 416 1676 et
436 1640 604 1677 humanis
624 1641 750 1679 usibus
769 1647 856 1691 apta
877 1641 999 1678 Ceres.

161 1689 256 1728 Orta
275 1693 495 1730 suburbanis
516 1695 685 1743 quaedam
702 1695 773 1733 fuit
791 1700 900 1731 Anna
921 1693 1085 1738 Bovillis,

213 1743 370 1795 Pauper,
391 1748 456 1784 sed
476 1749 600 1786 multae
622 1749 829 1787 sedulitatis
849 1761 954 1785 anus.

160 1797 237 1838 Illa.
259 1799 330 1835 levi
350 1800 460 1838 mitra
480 1814 590 1838 canos
610 1803 780 1840 redimita
801 1803 965 1851 capillos,

217 1852 403 1901 Fingebat
424 1856 581 1892 tremula
598 1857 736 1893 rustica
755 1857 828 1893 liba
848 1868 978 1898 manu;
1244 1851 1322 1891 670

156 1906 282 1953 Atque
301 1908 353 1944 ita
372 1921 436 1957 per
454 1909 629 1958 populum
649 1910 830 1947 fumantia
847 1922 954 1946 mane
974 1907 1115 1946 solebat

210 1960 398 1999 Dividere.
457 1962 551 2000 Haec
571 1963 707 2012 populo
727 1964 831 2012 copia
849 1969 956 2011 grata
974 1962 1059 1998 fuit.
1134 1961 1138 1964 ”

158 2013 255 2050 Pace
274 2015 374 2052 domi
393 2016 490 2053 facta
505 2017 650 2064 signum
674 2029 827 2065 posuere
849 2017 1041 2060 Perennae,

212 2068 324 2112 Quod
344 2070 412 2106 sibi
427 2071 578 2107 defectis
596 2070 659 2107 illa
677 2071 822 2108 tulisset
841 2083 959 2119 opem.

155 2120 267 2158 Nunc
283 2123 383 2169 mihi,
405 2137 469 2161 cur
489 2129 653 2169 cantent,
675 2129 851 2174 superest,
871 2125 1041 2161 obseaena
1059 2122 1205 2173 puellae,
1243 2121 1318 2160 675

209 2175 365 2214 Dicere:
395 2191 479 2215 nam
493 2184 645 2223 coeunt,
666 2185 839 2228 certaque
857 2178 992 2227 probra
1011 2182 1159 2214 canunt.

156 2227 285 2277 Nuper
305 2237 383 2269 erat
403 2233 472 2269 dea
486 2233 606 2273 factam
637 2232 737 2270 venit
755 2232 940 2268 Gradivus
957 2231 1005 2267 ad
1025 2231 1185 2275 Annam,

209 2282 258 2320 Et
278 2297 360 2322 cum
376 2286 528 2323 seducta
547 2286 634 2323 talia
653 2287 763 2322 verba
783 2285 870 2322 facit
889 2298 898 2322 z

155 2335 285 2374 Mense
304 2352 384 2376 meo
404 2339 533 2376 coleris
550 2353 558 2382 ;
582 2340 692 2388 junxi
711 2352 791 2376 mea
810 2345 976 2388 tempora
995 2342 1116 2375 tecum
1137 2350 1147 2374 ι

205 2390 351 2429 Pendet
370 2394 416 2429 ab
432 2393 551 2430 officio
570 2406 651 2442 spes
672 2393 760 2430 mihi
775 2405 909 2440 magna
929 2399 1007 2430 tuo,
1235 2388 1313 2427 680

150 2442 314 2483 Armifer
332 2447 508 2484 armiferae
527 2452 717 2496 correptus
737 2459 859 2484 amore
880 2446 1056 2483 Minervae
