1414 2666
152 122 176 159 6
607 128 797 156 AENEmos
824 127 851 157 1.

148 229 256 274 Saxa,
277 230 410 266 vocant
428 226 515 265 Itali
528 225 657 264 mediis
677 239 770 276 quae
787 226 827 263 in
844 225 1017 264 fluctibus
1035 225 1142 274 Aras,

151 283 313 320 Dorsum
333 281 490 318 immane
509 280 600 317 mari
619 293 776 317 summo.
835 280 921 317 Tris
937 279 1060 318 Eurus
1079 281 1126 319 ab
1145 281 1221 320 alto

153 336 199 373 In
211 336 338 373 brevia
356 339 393 373 et
408 334 518 384 syrtis
533 338 679 383 urguet,
701 334 908 371 miserabile
926 334 1006 371 visu
1026 333 1035 372 l
1232 334 1307 372 115

155 390 345 439 Illiditque
363 389 477 434 vadis,
494 392 605 437 atque
619 400 756 437 aggere
774 387 890 436 cingit
909 399 1055 425 arenae.

158 443 292 489 Unam,
314 455 408 492 quae
427 442 562 492 Lycios
577 442 766 491 fidumque
784 442 942 479 vehebat
961 441 1153 489 Orontem,

157 497 275 546 Ipsius
289 504 376 534 ante
394 496 518 533 oculos
535 495 668 544 ingens
686 509 708 533 a
727 496 863 534 vertice
881 500 1017 544 pontus

158 551 202 587 In
221 551 371 600 puppim
391 549 499 587 ferit:
530 550 716 587 excutitur
733 561 946 599 pronusque
964 551 1139 599 magister

156 604 327 642 Volvitur
345 604 384 640 in
402 608 512 653 caput
531 615 540 640 ε
568 609 623 641 ast
642 603 743 640 illam
761 608 820 641 ter
837 603 972 641 fluetus
990 604 1128 641 ibidem
1234 602 1312 640 120

159 658 326 707 Torquet
344 670 457 706 agens
476 658 624 702 circum,
646 662 682 695 et
700 657 849 706 rapidus
868 662 973 696 vorat
990 669 1149 707 aequore
1166 661 1311 695 vortex.

159 713 351 761 Apparent
370 711 442 748 rari
462 716 593 749 nantes
611 711 650 747 in
669 711 818 760 gurgite
837 717 941 749 vasto
957 724 965 755 ;

157 766 271 803 Arma
289 765 418 810 virum,
440 765 671 814 tabulaeque,
693 770 730 802 et
750 765 861 802 Troia
879 777 984 813 gaza,
1003 777 1069 814 per
1088 765 1217 803 undas.

156 818 241 855 Jam
260 819 416 856 validam
437 818 567 856 Ilionei
587 831 727 863 navem,
742 817 820 866 jam
839 818 944 856 fortis
958 818 1133 864 Achatae,

158 872 206 910 Et
226 885 298 922 qua
317 877 442 910 vectus
461 873 573 917 Abas,
595 876 632 909 et
650 885 723 920 qua
740 871 972 920 grandaevus
991 871 1131 918 Aletes,
1240 870 1316 908 125

158 926 258 963 Vicit
276 926 415 963 hiems:
445 926 537 963 laxis
557 926 712 963 laterum
733 925 971 975 compagibus
990 938 1117 963 omnes

158 980 356 1029 Accipiunt
374 979 558 1016 inimicum
579 979 744 1024 imbrem,
766 978 940 1029 rimisque
956 979 1142 1017 fatiscunt.

211 1034 367 1078 Interea,
388 1046 524 1082 magno
544 1033 686 1069 misceri
706 1045 893 1070 murmure
911 1038 1078 1082 pontum,

160 1086 412 1136 Emissamque
429 1087 597 1132 hiemem,
619 1087 732 1124 sensit
752 1086 963 1136 Neptunus,
982 1091 1020 1125 et
1038 1086 1119 1124 imis

159 1140 300 1189 Stagna
317 1141 437 1178 refusa
456 1141 568 1186 vadis,
589 1140 752 1189 graviter
771 1146 996 1184 commotus3
1025 1145 1075 1186 et,
1093 1141 1169 1178 alto
1242 1139 1319 1177 130

159 1194 398 1243 prospiciens,
417 1207 558 1231 summa
576 1194 761 1244 placidum
781 1202 892 1243 caput
911 1193 1045 1232 extulit
1062 1195 1175 1232 unda.

160 1248 363 1297 Disjectam
383 1248 531 1285 Aeneae
546 1254 626 1286 toto
646 1247 747 1285 videt
766 1260 925 1296 aequore
943 1248 1095 1285 classem
1111 1261 1119 1292 ;

161 1301 350 1339 Fluctibus
369 1315 560 1352 oppressos
581 1302 708 1348 Troas,
729 1301 893 1350 coelique
911 1301 1029 1339 ruina.

161 1356 241 1393 Nec
260 1356 401 1393 latuere
420 1355 496 1392 doli
507 1356 658 1393 fratrem
676 1355 849 1400 Junonis,
871 1360 908 1393 et
926 1355 1012 1392 irae.

160 1409 299 1446 Eurum
316 1409 363 1446 ad
375 1423 413 1446 se
421 1409 705 1459 Zephyrumque
717 1414 842 1453 voeat3
857 1409 990 1446 dehinc
1005 1408 1094 1447 talia
1107 1409 1206 1447 fatur
1222 1408 1318 1445 :135

160 1463 330 1501 Tantane
348 1476 412 1500 vos
430 1463 575 1512 generis
592 1463 713 1501 tenuit
731 1463 866 1500 fiducia
883 1463 995 1501 vestri
1012 1462 1032 1500 Ρ

159 1517 182 1554 J
185 1530 242 1554 am
262 1517 403 1554 coelum
419 1522 629 1566 terramque
648 1530 728 1554 meo
748 1516 826 1554 sine
845 1517 1006 1563 numine,
1028 1516 1153 1563 Venti,

158 1571 323 1616 Miscere,
345 1576 382 1608 et
400 1575 523 1609 tantas
543 1570 686 1608 audetis
705 1570 835 1608 tollere
855 1570 967 1608 moles
985 1570 1005 1608 ἶ)

160 1624 264 1670 Quos
283 1624 467 1673 ego—sed
488 1629 607 1662 motos
626 1629 787 1674 praestat
805 1637 1024 1673 componere
1040 1624 1173 1663 fluetus
1193 1637 1202 1662 ε

158 1678 248 1716 Post
266 1678 355 1715 mihi
374 1691 449 1715 non
468 1678 575 1715 simili
595 1691 713 1728 poena
731 1678 920 1715 commissa
938 1678 1059 1717 luetis.
1244 1678 1322 1716 140

155 1732 343 1770 Maturate
359 1732 497 1781 sugam,
516 1732 668 1782 regique
686 1732 776 1769 haec
796 1732 908 1769 dicite
927 1737 1049 1770 vestro
1070 1743 1080 1769 2

158 1786 246 1823 Non
265 1786 319 1822 illi
337 1786 528 1835 imperium
544 1786 676 1836 pelagi,
698 1798 919 1835 saevumque
936 1786 1147 1832 tridentem,

160 1839 234 1877 Sed
252 1839 352 1884 mihi,
372 1844 471 1877 sorte
490 1839 630 1876 datum.
687 1839 807 1877 Tenet
825 1839 887 1876 ille
905 1840 1079 1877 immania
1097 1854 1195 1888 saxa,

160 1893 325 1939 Vestras,
346 1892 459 1938 Eure,
480 1893 610 1930 domos
626 1904 634 1930 ε
661 1893 724 1930 illa
743 1906 782 1930 se
793 1892 910 1942 jactet
929 1893 966 1930 in
985 1894 1069 1931 aula

160 1947 310 1992 Aeolus,
331 1951 369 1985 et
387 1947 510 1984 clauso
530 1951 723 1985 ventorum
737 1959 881 1984 carcere
895 1952 1040 1996 regnet.
1243 1949 1320 1988 145

212 2001 273 2038 Sic
291 2001 355 2046 ait,
375 2005 412 2038 et
431 2001 531 2039 dicto
550 2000 656 2038 eitius
674 2000 817 2039 tumida
836 2013 995 2050 aequora
1013 2001 1134 2051 placat
1150 2015 1158 2040 :

161 2054 416 2104 Colleetasque
433 2055 538 2103 fugat
557 2055 684 2100 nubes,
706 2055 892 2104 solemque
905 2055 1060 2094 reducit.

161 2108 380 2159 Cymothoe,
401 2107 509 2145 simul
526 2113 564 2146 et
583 2109 717 2147 Triton
736 2108 904 2155 adnixus,
925 2114 1034 2147 acuto

162 2162 382 2200 Detrudunt
400 2162 503 2199 navis
521 2163 672 2212 scopulo
689 2176 697 2200 :
725 2163 824 2200 levat
842 2162 920 2212 ipse
938 2163 1094 2203 tridenti
1109 2177 1118 2209 ;

164 2216 212 2254 Et
231 2220 352 2254 vastas
370 2216 487 2266 aperit
501 2216 624 2266 syrtis,
645 2221 683 2254 et
699 2222 884 2265 temperat
902 2229 1063 2266 aequ0r;
1242 2218 1318 2256 150

161 2271 284 2319 Atque
299 2270 390 2307 rotis
408 2282 567 2307 summas
584 2270 726 2308 levibus
743 2270 947 2319 perlabitur
965 2271 1096 2309 undas.

164 2324 230 2368 Ae,
252 2323 366 2361 veluti
383 2336 519 2372 magno
532 2323 572 2361 in
590 2324 728 2374 populo
745 2337 858 2374 quum
877 2336 984 2373 saepe
1002 2331 1128 2365 coorta
1145 2330 1200 2365 est

166 2377 317 2423 seditio,
337 2377 525 2428 saevitque
544 2378 676 2416 animis
693 2378 857 2428 ignobile
875 2377 1020 2428 volgus,
