1475 2712
507 185 718 215 CARMINUM
737 185 764 212 1.

263 285 459 336 Liquimus
485 284 505 321 ἶ)
532 282 635 320 unde
651 293 803 318 manum
817 279 1000 330 Juventus

155 339 262 379 Metu
282 340 438 384 deorum
458 335 645 375 continuit
659 335 679 372 Ρ
707 335 841 383 quibus

161 392 334 444 Peperoit
352 383 425 430 aris
443 391 464 429 ‘c‘
493 389 529 428 O
549 389 691 427 utinam
712 400 811 425 nova

210 446 352 485 Incude
371 445 544 493 diffingas
563 447 731 481 retusum
751 441 791 478 in

262 501 492 548 Massagetas
504 497 725 546 Arabasque
743 495 884 533 ferrum
901 495 909 533 Ξ

240 593 329 631 Onm
348 588 636 629 XXXVL—-In
654 588 844 627 Numidae
861 587 1033 626 reditwm.

256 683 312 721 ΕΤ
331 688 416 722 ture
435 686 472 720 et
490 681 628 719 fidibus
641 680 754 730 juvat

150 738 317 783 Plaeare,
337 742 375 775 et
393 735 501 774 vituli
521 735 705 784 sanguine
724 733 865 779 debito,

264 790 449 829 Custodes
469 788 659 827 Numidae
677 788 767 825 deos
788 801 797 826 ε

151 844 229 891 Qui
248 857 348 881 nuno
366 843 551 893 Hesperia
565 855 690 891 sospes
705 841 753 879 ab
771 841 914 889 ultima,

259 897 365 935 Caris
383 898 502 935 multa
521 896 722 941 sodalibus,

151 951 258 989 Nulli
276 951 386 1000 plura
404 956 529 988 tamen
551 949 688 986 dividit
709 948 851 993 oscula,

262 1005 389 1050 Quam
412 1004 514 1041 dulei
533 1003 711 1046 Lamiae;
743 1013 886 1039 memor

155 1060 273 1096 Actae
292 1070 369 1094 non
389 1057 462 1094 alio
482 1069 571 1105 rege
590 1056 771 1105 puertiae,

254 1111 501 1159 Mutataeque
520 1110 630 1147 simul
650 1116 768 1158 togae.

151 1164 282 1202 Cressa
299 1177 348 1201 ne
368 1168 495 1201 careat
512 1163 668 1213 pulchra
687 1162 767 1199 dies
783 1166 897 1199 nota:

259 1218 344 1255 Neu
364 1222 534 1265 promtae
555 1216 689 1253 modus
708 1215 922 1264 amphorae,

154 1272 240 1310 Neu
258 1283 398 1308 morem
418 1271 458 1307 in
480 1270 621 1308 Salium
641 1270 690 1307 sit
707 1269 854 1317 requies
872 1269 1009 1318 pedum
1030 1282 1038 1306 :

264 1325 350 1362 Neu
370 1324 477 1361 multi
496 1323 668 1361 Damalis
686 1323 778 1360 meri
797 1353 821 1365 ,,

155 1379 319 1416 Bassum
337 1378 511 1415 Threicia
530 1378 658 1428 yincat
679 1375 866 1426 amystide
888 1390 896 1413 :

250 1432 337 1469 Neu
356 1432 480 1482 desint
499 1431 617 1481 epulis
635 1443 755 1475 rosae,

153 1486 239 1523 Neu
257 1485 371 1523 vivax
385 1485 523 1534 apium,
544 1497 620 1521 neu
638 1485 752 1521 breve
771 1482 902 1520 lilium.

262 1538 406 1577 Omnes
425 1539 465 1576 in
484 1537 663 1576 Damalin
681 1542 809 1586 putres

153 1593 358 1642 Deponent
378 1591 505 1630 oculos
527 1605 537 1636 3
567 1604 636 1629 neo
656 1590 829 1628 Damalis
849 1603 949 1628 novo

266 1646 480 1684 Divelletur
501 1645 685 1690 adultero,

153 1700 321 1738 Lascivis
338 1700 487 1737 hederis
506 1698 752 1736 ambitiosior.

323 1789 412 1827 ODE
439 1787 766 1827 xxxva-Ad
779 1786 943 1826 Sodales.

151 1882 267 1918 NUNC
283 1885 339 1918 est
352 1880 569 1924 bibendum,
592 1891 693 1916 nunc
713 1878 809 1927 pede
827 1878 946 1915 libero

157 1933 347 1972 Pulsanda
365 1934 476 1972 tellus
492 1947 500 1971 :
531 1945 633 1970 nune
651 1931 858 1969 Saliaribus

209 1987 357 2025 Ornare
375 1984 552 2037 pulvinar
567 1987 723 2023 deorum

261 2041 426 2090 Tempus
446 2048 526 2078 erat
544 2040 714 2089 dapibus,
736 2038 896 2076 sodales.

153 2094 324 2132 Antehac
343 2094 447 2131 nefas
462 2094 682 2142 depromere
701 2091 918 2130 Caecubum

155 2148 269 2186 Cellis
288 2147 408 2192 avitis,
429 2147 518 2184 dum
539 2146 726 2195 Capitolio

211 2201 362 2250 Regina
380 2201 572 2238 dementes
589 2199 729 2244 ruinas,

263 2254 392 2291 Funus
411 2260 449 2292 et
462 2253 629 2303 imperio,
646 2252 814 2302 parabat,

159 2308 425 2346 Contaminato
445 2319 530 2345 eum
548 2318 664 2355 grege
682 2305 848 2354 turpium

153 2362 290 2400 Morbo
309 2361 471 2399 virorum
489 2373 499 2399 ε
520 2359 703 2409 quidlibet
720 2358 905 2408 impotens

200 2415 380 2465 sperare,
398 2414 622 2461 fortunaque
636 2411 738 2450 dulei

622 2478 652 2517 C

1176 492 1229 529 40

1207 891 1230 929 ΦΥ

1180 1159 1228 1197 10

1185 1427 1235 1464 15

1181 1693 1232 1730 20

1204 2089 1228 2126 Q!

1175 2354 1227 2393 10
