1475 2712
506 174 700 205 AENEIDOS
719 173 762 202 11.
1163 170 1213 206 23

55 277 106 316 Et
124 276 257 314 molem
270 276 452 313 mirantur
470 273 554 322 equi
569 286 578 317 ;
606 272 819 322 primusque
838 270 1063 321 Thymoetes

57 331 156 368 Duei
173 331 273 368 intra
289 341 414 367 muros
431 328 615 372 hortatur,
636 331 674 364 et
692 338 776 363 arce
793 325 920 369 locari,

57 384 144 422 Sive
161 383 260 430 dolo,
280 396 346 421 seu
358 382 436 431 jam
457 380 592 430 Trojae
611 380 662 416 sic
679 379 757 417 fata
774 378 942 415 ferebant
961 391 970 415 :

57 437 114 476 At
134 437 267 487 Capys,
288 441 326 474 et
342 447 500 484 quorum
518 433 648 470 melior
666 431 850 470 sententia
868 431 994 477 menti,
1168 435 1219 471 35

59 490 143 529 Aut
161 491 293 540 pelago
311 488 485 526 Danafim
504 486 667 532 insidias,
688 492 929 535 suspectaque
948 485 1057 531 dona,

61 544 310 593 Praecipitare
322 542 472 592 jubent,
492 540 739 589 subjectisque
757 551 865 576 urere
883 539 1039 576 flammis
1054 553 1063 584 ;

61 598 145 635 Aut
163 597 351 635 terebrare
369 608 475 633 cavas
494 594 591 632 uteri
610 598 648 631 et
666 598 812 631 tentare
830 592 1003 630 latebras.

62 651 254 689 Scinditur
272 650 453 687 incertum
473 647 597 686 studia
615 647 654 683 in
674 646 858 685 contraria
876 646 1020 694 volgus.

111 703 255 741 Primus
272 703 325 740 ibi
343 707 430 740 ante
448 701 578 747 omnis,
598 713 734 749 magna
753 701 952 738 eomitante
967 705 1125 747 caterva,
1174 703 1223 737 40

64 758 238 795 Laocoon
257 757 390 794 ardens
411 767 552 793 summa
570 754 734 792 decurrit
753 755 800 791 ab
814 766 897 790 arce
914 767 922 797 ;

71 811 121 849 Et
139 810 266 860 procul
283 824 292 848 :
327 810 361 847 Ο
379 809 503 847 miseri
523 809 531 846 1
553 820 646 856 quae
664 812 771 846 tanta
789 807 943 853 insania,
964 807 1061 845 cives
1080 808 1100 845 P

65 864 227 902 Creditis
247 868 393 902 avectos
407 863 522 901 hostis
535 862 554 900 Ρ
581 866 646 900 aut
664 862 739 898 ulla
759 861 897 911 putatis

67 918 181 955 Dona
200 930 324 955 carere
341 917 437 954 dolis
456 916 629 953 Danaum
648 915 667 952 Ρ
696 916 748 953 sic
766 920 876 952 notus
897 914 1026 952 Ulixes
1041 915 1061 953 ἱ)

67 970 161 1017 Aut,
181 971 252 1008 hoc
269 971 402 1008 inclusi
419 971 533 1018 ligno,
553 969 789 1007 occultantur
808 968 954 1014 Achivi,
1182 972 1230 1008 45

66 1025 148 1062 Aut
165 1024 257 1061 haec
274 1024 314 1060 in
333 1030 480 1061 nostros
498 1023 675 1061 fabricata
694 1028 750 1060 est
767 1022 936 1059 machina
954 1035 1089 1069 muros,

70 1078 288 1128 Inspectura
307 1077 447 1123 domos,
467 1082 697 1125 venturaque
716 1076 875 1125 desuper
893 1076 976 1112 urbi
992 1090 1000 1119 3

74 1131 156 1169 Aut
176 1130 308 1180 aliquis
326 1130 419 1168 latet
439 1143 541 1167 error
559 1143 566 1167 :
597 1142 692 1178 equo
710 1142 758 1166 ne
777 1129 931 1174 credite,
953 1129 1102 1167 Teucri.

73 1184 267 1233 Quidquid
285 1184 325 1221 id
344 1190 412 1229 est,
427 1184 541 1221 timeo
561 1183 714 1220 Danaos
732 1188 770 1221 et
789 1183 888 1219 dona
906 1183 1071 1221 ferentis.

73 1238 134 1276 Sic
152 1238 262 1284 fatus,
283 1237 415 1275 validis
429 1237 621 1286 ingentem
639 1237 778 1274 viribus
797 1236 940 1274 hastam
1186 1241 1236 1276 50

72 1292 118 1329 In
136 1291 246 1337 latus,
265 1291 378 1340 inque
395 1290 463 1328 feri
483 1303 632 1328 curvam
651 1291 892 1339 compagibus
912 1290 1049 1335 alvum,

71 1345 274 1383 Contorsit.
331 1344 444 1382 Stetit
462 1344 525 1381 illa
542 1349 716 1388 tremens,
737 1350 918 1392 uteroque
936 1357 1083 1382 recusso

71 1398 275 1437 Insonuere
293 1411 404 1435 cavae
421 1398 676 1447 gemitumque
695 1398 832 1435 dedere
851 1410 1043 1435 cavernae.

74 1452 137 1498 Et,
157 1452 188 1490 si
206 1452 283 1490 fata
302 1451 424 1497 deum,
445 1452 475 1488 si
494 1465 597 1489 mens
615 1464 692 1488 non
711 1452 815 1488 laeva
833 1451 975 1497 fuisset,

75 1505 278 1556 Impulerat
296 1505 394 1543 ferro
413 1505 608 1554 Argolicas
627 1505 776 1542 foedare
795 1505 954 1542 latebras
970 1519 979 1549 ;
1194 1508 1243 1544 55

78 1559 266 1608 Trojaque
283 1571 385 1596 nunc
402 1563 530 1604 stares,
551 1559 761 1607 Priamique
779 1571 846 1596 arx
866 1559 941 1596 alta
958 1571 1139 1597 maneres.

128 1612 226 1650 Ecce
244 1613 253 1651 1
282 1625 412 1649 manus
418 1612 593 1661 juvenem
613 1613 756 1650 interea
774 1617 857 1662 post
875 1618 982 1661 terga
998 1613 1205 1652 revinctum

80 1665 253 1704 Pastores
271 1678 408 1714 magno
427 1666 475 1702 ad
493 1679 618 1715 regem
640 1666 800 1703 clamore
817 1665 1016 1704 trahebant

82 1719 348 1764 Dardanidae3
377 1719 440 1768 qui
459 1732 497 1756 se
516 1720 687 1769 ignotum
706 1720 941 1757 venientibus
960 1720 1071 1761 ultro,

80 1773 168 1811 Hoc
186 1773 306 1822 ipsum
325 1777 370 1810 ut
389 1778 562 1818 strueret,
585 1773 808 1822 Trojamque
823 1774 982 1823 aperiret
1001 1772 1168 1821 Achivis,
1199 1774 1249 1813 60

81 1826 294 1873 Obtulerat‚
314 1826 433 1864 fidens
452 1827 576 1873 animi,
598 1832 709 1875 atque
727 1827 766 1864 in
787 1834 986 1877 utrumque
1004 1832 1169 1877 paratus,

82 1880 157 1918 Seu
175 1892 322 1918 versare
340 1880 457 1926 dolos,
478 1893 542 1917 seu
562 1886 685 1918 certae
704 1881 922 1919 occumbere
940 1881 1064 1919 morti.

86 1933 276 1983 Undique,
293 1933 440 1971 visendi
455 1933 593 1980 studio,
615 1934 779 1983 Trojana
791 1934 972 1984 juventus

87 1987 320 2025 Circumfusa
335 1987 424 2033 ruit,
443 1992 662 2036 certantque
679 1988 837 2026 illudere
855 1995 978 2038 capto.

86 2040 229 2091 Accipe
247 2053 349 2078 nunc
367 2040 544 2095 Danaum
561 2042 729 2088 insidias,
749 2047 788 2082 et
805 2043 959 2080 crimine
977 2043 1025 2081 ab
1039 2056 1115 2081 uno
1203 2044 1252 2081 65

87 2094 201 2132 Disce
219 2095 351 2132 omnis.

87 2148 268 2197 Namque,
288 2153 332 2186 ut
345 2153 545 2199 conspectu
558 2148 598 2186 in
614 2149 737 2187 medio
756 2150 939 2195 turbatus,
958 2150 1119 2197 inermis,

90 2201 282 2248 Constitit,
303 2206 414 2251 atque
432 2203 548 2240 oculis
568 2202 733 2253 Phrygia
751 2204 900 2252 agmina
918 2204 1175 2255 circumspexit
1193 2219 1202 2250 ;

90 2255 180 2293 Heu
199 2255 208 2294 Ξ
228 2268 323 2305 quae
340 2268 441 2293 nunc
459 2256 581 2302 tellus,
600 2256 732 2305 inquit,
749 2269 843 2306 quae
857 2269 916 2294 me
930 2269 1088 2307 aequora
1103 2266 1258 2309 possunt

91 2308 272 2359 Accipere
285 2308 305 2346 t>
325 2314 390 2348 aut
402 2309 494 2359 quid
506 2309 585 2358 jam
603 2310 739 2348 misero
757 2310 848 2347 mihi
865 2311 1026 2360 denique
1037 2318 1154 2351 restat
1168 2312 1188 2350 ἶ)
1208 2313 1258 2354 70

95 2362 165 2399 Cui
183 2374 304 2411 neque
321 2363 420 2413 apud
437 2363 591 2401 Danaos
608 2376 763 2412 usquam
782 2364 884 2401 locus
901 2377 910 2409 ;
939 2371 977 2403 et
996 2378 1107 2415 super
1126 2366 1195 2417 ipsi

94 2415 335 2455 Dardanidae
351 2416 486 2455 infensi
503 2429 642 2468 poenas
659 2430 743 2456 cum
761 2417 943 2467 sanguine
959 2425 1130 2468 poscunt.
