1414 2666
149 212 172 251 8
603 220 814 249 CARMINUM
843 219 872 248 1.

347 317 434 357 Ome
463 316 674 356 VIL-Ad
688 318 903 356 Munatium
929 315 1127 354 Plancum.

141 398 403 437 LAUDABUNT
416 397 475 434 alii
496 397 630 434 claram
653 395 822 443 Rhodon,
842 402 904 434 aut
923 394 1140 444 Mitylenen,

305 451 383 488 Aut
402 449 607 501 Ephesum,
623 450 821 488 bimarisve
840 449 1006 487 Corinthi

146 505 313 550 Moenia,
330 505 389 542 vel
408 503 561 541 Baccho
583 503 745 550 Thebas,
763 504 823 541 vel
842 500 1200 554 Apollineijelphos

305 557 481 607 Insignes,
502 564 566 596 aut
583 557 762 597 Thessala
782 558 937 607 Tempe.

147 612 240 651 Sunt
256 611 387 662 quibus
406 624 523 649 unum
542 624 633 661 opus
651 617 706 649 est
722 613 882 650 intactae
900 608 1056 649 Palladis
1074 621 1178 647 arces
1306 607 1328 642 5

308 664 483 703 Carmine
502 672 679 715 perpetuo
697 665 907 711 celebrare,

145 719 309 769 Indeque
328 719 536 769 decerptam
558 718 663 756 fronti
689 730 915 770 praeponere
934 716 1083 755 olivam.

304 773 486 811 Plurimus
505 773 542 809 in
556 773 712 812 Junonis
731 772 907 810 honorem

147 828 291 877 Aptum
310 826 395 864 dicit
413 827 518 875 equis
538 828 670 876 Argos,
688 826 850 875 ditesque
870 826 1064 875 Mycenas⁴

307 880 373 924 Me
395 886 555 917 nectam
574 881 718 929 patiens
736 878 1011 925 Lacedaemon,
1166 877 1169 879 ’
1292 876 1338 913 10

149 934 232 973 Nec
251 940 326 971 tarn
349 933 515 971 Larissae
534 934 713 982 percussit
731 945 887 983 campus
907 933 1068 983 opimae,

307 987 433 1033 Quam
451 986 582 1025 domus
602 988 799 1025 Albuneae
817 986 1033 1032 resonantis,

150 1041 198 1079 Et
215 1052 394 1092 praeceps
413 1042 525 1088 Anio,
545 1053 590 1078 ac
610 1041 764 1079 Tiburni
782 1041 900 1088 lucus,
921 1046 958 1078 et
976 1038 1049 1078 uda

307 1094 508 1133 Mobilibus
528 1096 690 1144 pomaria
712 1096 811 1133 rivis.

148 1149 269 1187 Albus
290 1155 328 1186 ut
345 1149 498 1186 obscuro
517 1148 674 1198 deterget
693 1149 815 1186 nubila
834 1148 938 1185 coelo
1288 1145 1334 1181 15

306 1201 425 1252 Saepe
443 1203 577 1249 Notus,
598 1214 716 1252 neque
736 1203 886 1252 parturit
903 1201 1037 1239 imbres

149 1257 374 1307 Perpetuos:
403 1257 456 1293 sic
475 1263 514 1293 tu
534 1257 681 1305 sapiens
701 1257 804 1293 finire
823 1261 1010 1293 memento

307 1310 504 1347 Tristitiam
525 1311 695 1359 vitaeque
714 1310 856 1346 labores

149 1364 268 1411 Molli,
288 1364 438 1409 Plance,
458 1375 581 1406 mero:
611 1375 676 1400 seu
693 1370 729 1401 te
749 1362 920 1412 fulgentia
938 1363 1046 1411 signis

311 1417 441 1455 Castra
460 1423 596 1462 tenent,
616 1429 681 1454 seu
701 1417 815 1454 densa
832 1416 970 1453 tenebit
1279 1412 1332 1450 20

152 1472 297 1510 Tiburis
318 1471 447 1508 umbra
465 1471 529 1510 tui.
583 1468 729 1508 Teucer
749 1469 939 1507 Salamina
959 1476 1172 1519 patremque

312 1525 408 1562 Cum
428 1523 575 1574 fugeret,
596 1529 720 1562 tamen
740 1523 812 1561 uda
834 1523 960 1572 Lyaeo

151 1578 334 1629 Tempora
354 1579 513 1628 populea
534 1577 645 1616 fertur
667 1578 826 1615 vinxisse
847 1588 994 1623 corona,

313 1631 374 1670 Sic
393 1634 509 1670 tristes
528 1633 659 1670 affatus
679 1632 820 1669 amicos
840 1643 850 1669 ι

153 1686 240 1732 Quo
260 1698 327 1723 nos
347 1698 508 1736 cumque
529 1685 618 1723 feret
637 1685 764 1723 melior
784 1685 945 1723 Fortuna
963 1690 1126 1734 parente,
1286 1679 1336 1718 25

318 1739 473 1787 ibimus,
494 1753 515 1777 0
534 1741 622 1777 socii
644 1739 895 1790 comitesque!

153 1794 214 1832 Nil
235 1793 521 1843 desperandum,
541 1793 687 1832 Teucro
707 1793 817 1840 duce,
837 1799 873 1830 et
891 1792 1043 1842 auspice
1063 1789 1207 1828 Teucro
1226 1800 1236 1826 τ

312 1847 442 1885 Certus
460 1849 558 1885 enim
578 1846 743 1897 promisit
761 1847 897 1896 Apollo

154 1901 377 1950 Axnbiguam
398 1901 522 1938 tellure
543 1913 642 1937 nova
663 1900 851 1938 Salamina
871 1898 1044 1937 suturam.

316 1954 349 1993 O
370 1954 492 2001 sortes,
513 1953 712 2004 pejoraque
733 1954 829 2004 passi
1290 1948 1340 1986 30

154 2007 309 2047 Mecum
326 2019 449 2058 saepe,
466 2009 530 2045 viri
550 2009 558 2046 l
590 2020 689 2046 nunc
709 2009 796 2046 vino
814 2008 936 2058 pellite
956 2019 1062 2045 curas
1081 2019 1091 2043 ε

317 2062 408 2100 Cras
426 2063 552 2112 ingens
569 2062 779 2099 iterabImus
797 2073 947 2112 aequor.

473 2165 561 2204 ODE
590 2163 824 2204 vnr-Ad
849 2165 1021 2218 Lydiam.

368 2255 516 2302 Lva,
536 2256 608 2303 dio,
627 2268 692 2307 per
711 2268 840 2294 omnes

158 2310 211 2349 Te
231 2310 318 2349 deos
337 2323 413 2355 oro,
435 2310 590 2359 Sybarin
601 2323 666 2348 cur
682 2322 853 2361 properes
871 2309 1032 2348 amando

143 2374 148 2379 ·
372 2363 553 2412 Perdere3
582 2376 648 2402 cur
666 2365 831 2414 apricum

156 2416 285 2456 Oderit
302 2429 492 2466 campum,
513 2418 655 2467 patiens
670 2419 828 2468 pulveris
845 2424 953 2468 atque
970 2417 1068 2456 solis.

369 2471 445 2509 Cur
464 2482 584 2520 neque
604 2472 766 2510 militaris
1320 2469 1345 2507 5
