1414 2666
153 190 203 230 66·

598 202 809 230 CARMINUM
838 202 894 229 111.

258 298 380 345 Vana,
401 310 508 348 quae,
527 302 638 347 porta
655 298 806 347 fugiens
825 299 982 343 eburna,

257 351 454 390 Somnium
474 351 580 389 ducit
597 352 618 389 ⁴?
673 351 863 389 Meliusne
880 351 1018 389 fluctus

257 405 318 443 Ire
336 418 404 455 per
422 406 557 455 longos
575 405 658 451 fuit,
679 418 728 443 an
745 409 916 443 recentes

473 459 637 508 Carpere
655 459 766 497 flores
785 458 805 496 Ρ

258 512 298 549 Si
318 512 402 562 quis
416 512 593 550 infamem
612 512 702 550 mihi
723 525 825 550 nunc
838 511 1046 561 juvencum

251 565 382 604 Dedat
400 565 528 612 iratae,
550 566 713 604 lacerare
731 566 841 612 ferro,
863 571 901 604 et

257 619 449 669 Frangere
468 620 590 658 enitar
609 620 722 657 modo
740 619 902 658 multum
923 621 1036 658 amati

473 673 624 711 Cornua
636 673 807 711 monstri.

252 727 458 777 Impudens
478 727 572 776 liqui
587 727 729 777 patrios
747 732 904 776 penates
920 741 928 765 :

255 780 463 830 Impudens
483 780 626 818 Orcum
645 792 773 817 moror
792 781 800 818 1
858 780 894 819 Ο
914 781 1072 818 deorum

256 834 297 872 Si
317 834 401 884 quis
419 834 512 871 haec
530 833 650 879 audis,
671 833 818 871 utinam
835 833 935 873 inter
953 846 1074 872 errem

471 887 589 924 Nuda
606 887 732 924 leones
752 887 760 924 l

257 941 474 990 Antequam
495 940 617 990 turpis
635 941 772 978 macies
790 940 967 980 decentes

258 994 432 1044 Occupet
446 994 574 1040 malas,
594 999 825 1043 teneraeque
843 1007 976 1034 succus

256 1048 413 1087 Defluat
430 1048 604 1098 praedae,
626 1048 791 1097 speciosa
810 1061 949 1098 quaero

473 1101 631 1139 Pascere
647 1103 779 1152 tigres.

258 1155 354 1193 Vilis
375 1155 540 1205 Europe,
561 1160 670 1205 pater
688 1160 828 1205 urguet
848 1157 993 1202 absens,

256 1208 361 1253 Quid
379 1209 474 1246 mori
494 1222 614 1247 cessas
633 1209 653 1247 P
680 1214 789 1258 potes
807 1209 878 1247 hac
897 1211 944 1248 ab
963 1222 1058 1248 orno

256 1262 473 1300 Pendulum
494 1275 599 1308 zona,
621 1263 718 1300 bene
736 1267 775 1302 te
795 1268 936 1310 secuta,

366 1315 538 1354 Laedere
557 1316 707 1353 collum.

258 1370 346 1407 Sive
360 1375 399 1408 te
418 1383 530 1419 rupes
549 1375 588 1408 et
607 1374 718 1407 acuta
735 1370 814 1408 leto

259 1424 357 1461 Saxa
376 1423 583 1470 delectant,
602 1435 686 1471 age,
706 1428 745 1461 te
763 1423 951 1472 procellae

260 1476 383 1514 Crede
403 1477 522 1514 veloci
544 1490 552 1514 :
582 1476 655 1513 nisi
673 1477 793 1514 herile
810 1477 936 1520 mavis⁴

369 1530 534 1580 Carpere
552 1542 722 1580 pensum,

256 1583 402 1632 Regius
421 1584 585 1633 sanguis,
607 1584 857 1634 dominaeque
875 1584 975 1623 tradi

259 1638 450 1676 Barbarae
469 1637 810 1687 pellex.-Aderat
828 1639 1013 1688 querenti,

257 1691 448 1730 Perfidum
466 1691 606 1737 ridens,
628 1691 770 1737 Venus,
793 1696 831 1730 et
849 1692 1004 1730 remisso

473 1745 592 1782 Filius
612 1758 712 1783 arcu.
948 1774 950 1777 .

257 1799 364 1845 Mox,
385 1799 450 1837 ubi
469 1799 559 1836 lusit
575 1799 676 1844 satis,
699 1799 918 1845 Abstineto,

263 1853 387 1898 Dixit,
408 1852 549 1889 irarum
568 1852 786 1902 calidaeque
800 1852 916 1897 rixae,

261 1907 358 1944 Cum
376 1906 447 1944 tibi
466 1905 609 1943 invisus
628 1905 827 1943 laceranda
844 1905 981 1944 reddet

471 1959 624 1996 Cornua
642 1964 784 1997 taurus.

262 2014 370 2051 Uxor
388 2012 519 2050 invicti
538 2012 646 2050 Jovis
666 2025 746 2050 esse
763 2013 883 2051 nescis
895 2013 914 2051 Ρ

260 2066 377 2105 Mitte
396 2066 608 2115 singultus3
637 2066 734 2103 bene
751 2067 850 2104 ferre
868 2079 1043 2117 magnam

262 2120 378 2159 Disce
395 2121 588 2158 fortunam
607 2133 615 2157 :
646 2124 713 2158 tua
732 2125 856 2158 sectus
874 2121 975 2158 orbis

478 2174 646 2212 Nomina
666 2174 792 2213 ducet.

464 2253 554 2291 ODE
575 2252 887 2295 XXVIIL-Ad
902 2255 1043 2306 Iasden.

368 2320 498 2358 FEsTo
517 2320 609 2370 quid
627 2321 753 2370 potius
772 2320 834 2358 die

262 2375 434 2424 Neptuni
453 2374 585 2414 faciam
599 2374 619 2413 ⁸?
650 2387 780 2424 prome
800 2375 1047 2426 reconditum,

371 2427 492 2478 Lyde,
514 2434 668 2466 strenua
689 2428 915 2475 Caecubum,

261 2480 508 2532 Munitaeque
527 2482 664 2520 adhibe
682 2481 757 2521 vim
776 2482 993 2533 sapientiae.

1290 1049 1341 1086 55

1291 1316 1344 1355 60

1291 1584 1341 1624 65

1244 1856 1345 1897 ’70

1319 2126 1342 2165 ‘Ur
