1475 2712
87 162 163 213 111.]
609 171 729 198 ηὸτι.
1205 160 1253 199 67

91 269 164 310 An,
182 269 266 317 quia
285 268 499 317 perdomitis
519 267 566 304 ad
585 280 651 304 nos
666 266 810 315 captiva
829 265 979 303 Faliscis

144 323 258 360 Venit
277 322 296 359 Ρ
324 328 362 359 et
381 322 449 358 hoc
470 322 587 370 ipsum
606 321 729 357 littera
749 320 867 368 prisca
885 319 1006 357 docet.

90 376 165 420 An,
185 376 284 424 quod
303 375 415 412 habet
432 375 563 423 legem,
581 373 711 422 capitis
731 385 813 422 quae
835 373 996 422 pendere
1015 385 1140 422 poenas
1178 374 1253 411 845

142 429 201 466 Ex
220 428 283 465 illo
298 428 430 477 jubeat
448 428 547 465 furta
567 432 712 476 reperta
731 426 813 463 loco
825 426 844 463 ἶ)

92 482 127 518 Α
146 494 367 531 quacunque
385 481 501 519 trahis
520 481 663 517 ratione
682 479 872 523 vocabula,
895 479 1026 524 Pallas,

141 535 213 572 Pro
233 535 388 572 ducibus
407 534 542 571 nostris
560 533 679 581 regida
697 545 839 582 semper
857 532 962 570 habe.

88 587 240 625 Summa
258 588 336 625 dies
356 601 376 625 e
394 587 555 636 quinque
573 587 682 624 tubas
702 587 860 624 lustrare
878 599 1031 623 canoras

139 642 339 686 Admonet,
360 646 397 678 et
416 641 502 678 forti
522 640 725 677 sacrificare
745 640 833 676 deae.
1177 641 1253 679 850

87 695 198 731 Nunc
217 700 322 744 potes
339 695 387 731 ad
406 693 520 731 solem
541 693 687 731 sublato
707 693 829 730 dicere
845 693 969 730 vultu:

140 748 216 785 Hic
232 748 319 785 here
337 747 518 797 Phryxeae
539 747 674 784 vellera
693 746 824 795 pressit
844 746 934 783 ovis.

96 801 306 838 Seminibus
324 801 430 839 tostis
449 801 637 838 sceleratae
656 800 786 836 fraude
806 812 970 836 novercae

138 854 348 893 Sustulerat
366 855 496 899 nullas,
519 859 560 892 ut
580 853 684 898 solet,
705 853 820 890 herba
838 865 971 890 comas.

85 908 252 946 Mittitur
271 909 317 946 ad
334 908 511 956 tripodas,
532 913 633 945 certa
651 907 714 956 qui
738 912 837 944 sorte
856 912 1032 956 reportet,
1177 911 1251 948 855

137 962 258 1007 Quam
279 961 393 999 sterili
412 966 519 999 terrae
541 961 745 1010 Delphicus
764 960 851 998 edat
870 973 989 1009 opem.

84 1014 158 1052 Hic
178 1028 323 1064 quoque
342 1019 536 1064 corruptus
555 1027 638 1051 cum
659 1013 797 1051 semine
816 1014 963 1051 nuntiat
983 1014 1113 1053 Helles

139 1067 189 1106 Et
201 1068 350 1117 juvenis
373 1068 510 1118 Phryxi
530 1069 659 1105 funera
678 1073 777 1105 sorte
796 1067 884 1117 peti.

89 1121 214 1170 Usque
233 1127 463 1159 recusantem
484 1122 591 1165 cives,
613 1128 650 1158 et
670 1126 825 1170 tempus,
847 1126 885 1158 et
904 1120 972 1158 Ino

134 1175 400 1224 Compulerant
419 1188 543 1223 regem
553 1175 656 1223 jussa
677 1174 836 1211 nefanda
854 1175 931 1223 pati
950 1188 958 1218 ;
1173 1178 1249 1217 860

81 1227 133 1266 Et
152 1241 265 1274 soror,
287 1234 324 1266 et
344 1228 515 1271 Phrixus,
537 1228 647 1265 velati
666 1234 833 1277 tempora
852 1228 954 1266 vittis

138 1281 247 1320 Stant
267 1282 374 1318 simul
394 1287 480 1319 ante
499 1295 590 1327 aras,
606 1281 812 1330 junctaque
829 1281 905 1318 fata
923 1288 1092 1330 gemunt.

79 1336 250 1384 Adspicit
269 1335 347 1379 hos,
369 1340 412 1373 ut
430 1335 525 1373 forte
544 1335 770 1384 pependerat
789 1335 938 1381 aethere,
959 1341 1090 1388 mater,

135 1389 185 1426 Et
204 1389 290 1427 ferit
309 1389 468 1427 attonita
487 1394 639 1438 pectora
657 1389 757 1425 nuda
772 1402 885 1425 manu
906 1402 914 1432 ;
1131 1399 1133 1401 '

81 1441 200 1491 Inque
219 1442 506 1491 draconigenam
521 1443 654 1479 nimbis
674 1442 937 1480 comitantibus
956 1444 1085 1481 urbem
1173 1446 1249 1484 865

132 1496 281 1541 Desilit,
303 1500 340 1533 et
358 1503 465 1533 natos
485 1496 593 1545 eripit
612 1496 699 1532 inde
719 1508 815 1533 suos.

83 1549 211 1598 thue
229 1549 354 1598 fugam
375 1550 535 1598 capiant,
556 1549 649 1586 aries
669 1549 910 1586 nitidissimus
930 1562 1020 1586 auro

136 1603 328 1640 Traditur.
384 1603 451 1640 Ille
470 1603 571 1640 vehit
591 1615 656 1651 per
674 1603 768 1640 freta
787 1603 900 1651 longa
918 1604 1023 1641 duos.

82 1656 232 1694 DIcitur
250 1657 396 1693 infirma
415 1669 531 1693 cornu
550 1656 714 1694 tenuisse
733 1656 883 1694 sinistra

136 1710 310 1755 Foemina,
332 1723 414 1747 cum
432 1710 479 1746 de
495 1723 533 1746 se
550 1710 700 1747 nomina
719 1710 805 1747 fecit
825 1723 938 1758 aquae.
1173 1712 1249 1753 870

83 1763 196 1800 Paene
214 1764 322 1801 simul
340 1763 461 1812 periit,
483 1763 570 1800 (lum
591 1764 670 1800 vult
689 1776 902 1800 succurrere
921 1763 1047 1812 lapsae,

134 1816 275 1862 Frater,
297 1823 334 1854 et
353 1822 523 1854 extentas
542 1816 698 1865 porrigit
718 1829 833 1865 usque
851 1830 992 1855 manus.

80 1869 223 1916 Flebat,
245 1877 286 1908 ut
306 1871 437 1908 amissa
454 1871 593 1918 gemini
612 1877 783 1907 consorte
802 1870 940 1919 pericli,

135 1924 304 1961 Caeruleo
317 1924 488 1972 junctam
508 1924 652 1961 nescius
673 1936 750 1960 esse
769 1924 851 1960 deo.

81 1976 289 2021 Littoribus
308 1977 416 2015 tactis
436 1978 530 2014 aries
549 1978 591 2015 fit
611 1977 712 2014 sidus
729 1991 736 2014 :
767 1983 806 2014 at
824 1976 934 2026 hujus
1172 1979 1247 2018 875

106 2027 108 2029 ’
133 2030 307 2069 Pervenit
325 2031 365 2067 in
385 2031 540 2068 Colchas
558 2043 670 2068 aurea
688 2031 772 2067 lana
791 2030 934 2067 domos.

81 2135 173 2172 Tres
192 2135 256 2172 ubi
274 2135 465 2172 Luciferos
483 2135 636 2172 veniens
655 2135 873 2184 praemiserit
894 2136 982 2183 Eos,

133 2188 316 2238 Tempora
332 2189 524 2233 nocturnis
544 2201 650 2238 aequa
668 2189 802 2226 diurna
820 2189 928 2226 feres.

79 2281 173 2319 Inde
191 2285 322 2329 quater
339 2284 464 2329 pastor
484 2284 628 2317 saturos
645 2279 710 2316 ubi
731 2280 904 2319 clauserit
922 2281 1061 2329 haedos,

131 2334 340 2372 Canuerint
360 2334 482 2371 herbae
499 2345 583 2370 rore
601 2338 750 2370 recente
771 2338 903 2383 quater
923 2348 932 2379 ;
1169 2337 1246 2376 880

74 2388 192 2428 Janus
210 2387 434 2431 adorandus,
455 2400 612 2435 cumque
629 2387 700 2424 hoc
721 2387 929 2426 Concordia
947 2388 1058 2436 mitis,

127 2441 179 2481 Et
198 2442 370 2480 Romana
390 2440 508 2487 Salus,
528 2453 665 2490 araque
685 2440 791 2478 Pacis
810 2441 894 2479 erit.
