1475 2712
128 224 224 275 Ν]
540 220 886 261 GEORGICON.
1265 225 1316 261 59

182 330 278 367 Haec
298 330 362 375 ait,
385 335 423 367 et
441 330 628 377 liquidum
649 329 848 365 ambrosiae
869 328 1049 365 diffundit
1070 329 1237 372 odorem,

130 382 216 429 Quo
236 390 357 420 totum
378 383 457 420 nati
477 395 614 431 corpus
635 383 834 430 perduxit;
853 388 891 418 at
913 382 969 418 illi
1235 383 1314 419 416

128 436 264 473 Dulcis
283 436 501 485 compositis
521 436 684 483 spiravit
704 436 876 472 crinibus
896 447 998 479 aura,

128 489 259 538 Atque
278 490 416 526 habilis
437 489 617 525 membris
638 488 744 525 venit
765 489 886 536 vigor.
928 488 999 525 Est
1018 500 1153 536 specus
1173 488 1312 536 ingens

127 541 246 579 Exesi
267 543 386 579 latere
403 543 443 578 in
463 542 617 586 montis,
637 554 713 589 quo
734 541 898 590 plurima
920 547 1034 578 vento

128 595 292 644 Cogitur
311 597 428 643 inque
448 596 554 632 sinus
574 595 715 632 scindit
735 607 817 631 sese
838 595 940 631 unda
958 595 1148 638 reductos,
1235 595 1314 629 420

126 646 334 696 Deprensis
353 649 443 685 olim
465 648 578 684 statio
597 648 789 684 tutissima
808 648 953 690 nautis;

126 701 240 738 Intus
260 714 299 738 se
321 701 417 738 vasti
440 701 598 738 Proteus
615 701 713 749 tegit
733 700 855 749 objice
876 701 972 737 saxi.

128 753 402 801 Hicjuvenem
421 755 462 791 in
481 754 638 791 latebris
658 766 835 790 aversum
856 767 878 791 a
897 753 1043 790 lumine
1062 753 1247 802 Nympha

127 806 316 850 Collocat3
330 808 426 856 =ipsa
445 808 579 857 procul
598 808 750 844 nebulis
769 808 930 844 obseura
949 807 1106 843 resistit.

125 860 217 897 Jam
237 862 392 909 rapidus
412 867 561 898 torrens
582 861 755 898 sitientes
779 860 903 897 Sirius
922 860 1041 896 Indos
1235 859 1312 895 425

125 914 318 957 Ardebat3
348 914 440 951 coelo
460 920 497 951 et
517 914 685 950 medium
709 913 774 951 Sol
793 915 929 962 igneus
950 914 1081 950 orbem

126 966 331 1011 Hauserat,
353 969 512 1004 arebant
532 968 671 1008 herbae,
693 973 730 1004 et
751 980 845 1004 cava
863 967 1024 1003 fiumina
1044 965 1155 1003 siccis

124 1019 320 1056 Faucibus
339 1020 387 1056 ad
406 1021 540 1056 limum
560 1021 660 1057 radii
679 1019 870 1069 tepefacta
889 1020 1120 1068 coquebant:

126 1075 226 1110 Cum
246 1073 410 1109 Proteus
430 1079 615 1110 consueta
633 1079 768 1122 petens
788 1085 809 1109 e
828 1073 1010 1110 fluctibus
1029 1071 1155 1122 antra}¹

124 1125 230 1169 Ibat3
260 1138 347 1163 eum
367 1126 467 1163 vasti
490 1126 635 1163 circum
653 1138 749 1175 gens
769 1127 926 1162 humida
945 1126 1054 1175 ponti
1235 1126 1315 1161 430

124 1178 319 1216 Exultans
337 1191 464 1216 rorem
482 1179 558 1216 late
579 1179 759 1228 dispersit
779 1192 966 1216 amarum.

128 1233 315 1269 Sternunt
335 1244 374 1269 se
392 1245 524 1269 somno
544 1233 704 1269 diversae
724 1233 765 1268 in
785 1232 898 1269 litore
918 1233 1050 1280 phocae
1058 1246 1067 1274 3

124 1285 226 1334 Ipse,
248 1286 355 1322 velut
374 1286 515 1322 stabuli
535 1291 662 1322 custos
681 1286 721 1321 in
742 1286 938 1322 montibus
960 1285 1062 1328 olim,

125 1338 276 1387 Vesper
295 1338 361 1375 ubi
382 1351 403 1376 e
422 1345 534 1387 pastu
554 1339 697 1375 vitulos
718 1339 766 1375 ad
785 1345 887 1376 tecta
908 1338 1069 1382 reducit,

123 1392 359 1440 Auditisque
378 1392 489 1441 lupos
508 1398 651 1429 acuunt-
671 1392 864 1428 balatibus
883 1392 987 1440 agni,
1237 1391 1314 1427 435

127 1444 304 1482 Considit
323 1445 479 1494 scopulo
498 1446 658 1489 medius,
680 1457 959 1492 numerumque
981 1449 1166 1482 recenset.

126 1497 249 1546 Cujus
269 1498 439 1535 Aristaeo
458 1498 637 1546 quoniam
658 1504 716 1535 est
735 1499 862 1535 oblata
880 1498 1057 1542 facultas,

125 1551 208 1588 Vix
228 1551 377 1589 defessa
396 1563 525 1589 senem
544 1564 679 1600 passus
698 1564 927 1599 componere
947 1552 1130 1595 membra,

126 1603 227 1642 Cum
246 1605 409 1642 clamore
427 1605 507 1641 ruit
525 1617 676 1654 magno,
697 1605 935 1653 manicisque
948 1603 1143 1652 jacentem

126 1657 311 1706 Occupat.
369 1658 442 1695 Ille
462 1670 539 1694 suae
559 1665 693 1695 contra
712 1670 789 1694 non
808 1658 1009 1694 immemor
1029 1657 1134 1702 artis,
1235 1658 1315 1693 440

127 1710 268 1749 Omnia
287 1710 535 1748 transformat
555 1723 638 1748 sese
656 1711 697 1747 in
716 1711 901 1748 miracula
920 1723 1062 1756 rerum,

124 1764 350 1813 Ignemque,
371 1765 671 1812 horribilemque
686 1764 818 1808 feram,
835 1764 1076 1812 fluviumque
1089 1763 1314 1811 liquentem.

124 1817 274 1855 Verum
294 1817 359 1854 ubi
380 1817 486 1854 nulla
505 1817 636 1864 fugam
656 1817 801 1866 reperit
818 1816 980 1862 fallacia,
1003 1817 1128 1854 victus

124 1871 174 1908 In
194 1883 275 1908 sese
294 1871 406 1916 redit,
427 1877 542 1919 atque
561 1871 726 1907 hominis
745 1871 900 1907 tandem
920 1882 985 1907 ore
1004 1870 1171 1907 locutus:

124 1924 228 1961 Nam
247 1924 334 1972 quis
353 1930 403 1970 te,
418 1923 611 1971 juvenum
630 1924 967 1967 confidentissime,
987 1930 1136 1960 nostras
1235 1924 1313 1960 445

124 1977 253 2014 Jussit
272 1978 378 2014 adire
397 1976 552 2014 domos?
581 1978 724 2026 quidve
740 1978 830 2013 hinc
845 1976 968 2026 petis?
987 1977 1127 2025 inquit.
1158 1976 1216 2013 At
1234 1976 1314 2013 ille:

129 2030 226 2076 Scis,
247 2031 403 2073 Proteu‚
425 2031 498 2068 scis
517 2031 600 2078 ipse
616 2045 625 2074 ;
654 2043 780 2078 neque
800 2037 858 2067 est
876 2036 915 2067 te
934 2030 1068 2067 fallere
1087 2030 1316 2078 quidquaim

129 2083 205 2121 Sed
225 2089 268 2120 tu
287 2084 419 2121 desine
439 2084 551 2120 velle.
608 2084 734 2121 Deum
756 2090 945 2132 praecepta
965 2084 1086 2120 secuti

124 2137 327 2182 Venimus,
349 2137 438 2173 hinc
456 2136 574 2185 lapsis
593 2137 796 2185 quaesitum
817 2137 970 2173 oracula
990 2138 1116 2173 rebus.

127 2191 297 2227 Tantum
317 2189 465 2227 effatus.
523 2188 587 2226 Ad
607 2191 686 2227 haec
706 2196 813 2227 vates
829 2190 867 2226 vi
888 2190 1054 2238 denique
1070 2188 1191 2226 multa
1235 2190 1316 2226 450

126 2243 322 2280 Ardentes
342 2243 472 2280 oculos
492 2243 646 2280 intorsit
666 2244 810 2280 lumine
831 2243 978 2291 glauco,

126 2296 180 2333 Et
198 2297 372 2345 graviter
389 2296 570 2334 frendens
590 2295 645 2334 sic
665 2296 754 2333 fatis
774 2309 840 2333 ora
859 2296 1033 2332 resolvit:

125 2349 218 2386 Non
237 2355 275 2387 te
295 2350 439 2386 nullius
459 2357 641 2387 exercent
659 2350 829 2386 numinis
848 2350 926 2385 irae.

128 2403 273 2451 Magna
291 2403 368 2440 luis
386 2404 602 2440 commissa:
623 2404 694 2440 tibi
716 2403 784 2439 has
803 2402 1032 2439 miserabilis
1053 2401 1232 2450 Orpheus

129 2455 436 2505 Haudquaquam
457 2457 505 2493 ob
528 2457 705 2494 meritum
726 2469 869 2505 poenas,
892 2456 929 2492 ni
949 2455 1030 2492 fata.
1048 2456 1240 2501 resistant,
