1475 2712
103 156 182 208 111.]
615 167 735 195 usn.
1211 157 1263 197 53

158 263 297 301 Molliri
316 263 453 313 placuit
465 262 563 312 jure,
584 263 767 312 deamque
785 267 898 301 metu.

105 317 200 355 Inde
217 317 314 355 datae
328 317 438 366 leges,
459 328 506 353 ne
523 316 660 353 firmior
679 316 801 353 omnia
818 320 962 366 posset:

157 370 359 420 Coeptaque
376 375 462 407 sunt
482 381 571 419 pure
584 369 721 407 tradita
740 382 841 407 sacra
861 369 945 407 coli.
1184 369 1261 409 280

106 424 267 462 Exuitur
284 423 419 469 feritas,
440 423 619 471 armisque
636 423 824 472 potentius
843 435 989 473 aequum
1008 427 1084 462 est:

156 477 207 516 Et
225 490 308 514 cum
326 477 404 514 cive
422 475 538 525 pudet
556 475 780 514 conseruisse
799 489 939 514 manus.

103 532 227 579 Atque
245 530 384 579 aliquis,
404 529 514 566 modo
532 534 630 574 trux,
651 529 728 566 visa
741 529 819 579 jam
838 530 994 567 vertitur
1012 542 1074 568 ara
1093 544 1103 575 ;

154 585 325 633 Vinaque
344 583 408 620 dat
426 582 560 631 tepidis
574 583 737 631 salsaque
755 583 852 620 farra
869 583 972 620 focis.

104 638 199 675 Ecce
218 638 327 674 deum
345 636 492 685 genitor
509 636 637 673 rutilas
656 649 721 685 per
739 636 866 673 nubila
884 637 1046 674 flammas
1179 637 1255 675 285

154 691 313 741 Spargit,
335 695 372 727 et
389 689 511 727 effusis
527 689 665 728 aethera
681 689 793 727 siccat
811 690 924 738 aquis.

100 744 187 781 Non
202 745 289 782 alias
308 743 406 780 missi
425 741 588 780 cecidere
605 743 832 792 frequentius
848 744 964 792 ignes.

152 798 235 835 Rex
255 802 364 847 pavet
384 810 392 840 ;
422 802 459 834 et
477 797 579 845 vulgi
597 801 746 846 pectora
763 802 883 834 terror
899 797 1024 835 habet.

100 851 170 888 Cui
189 852 268 896 dea,
285 851 344 888 Ne
362 850 514 887 nimium
532 855 670 888 terrere
685 864 694 888 ε
717 849 851 899 piabile
868 850 1007 888 fulmen

150 904 230 948 Est,
250 905 312 949 ait,
334 910 370 942 et
389 904 476 941 saevi
493 904 654 941 flectitur
672 904 727 941 ira
743 903 861 941 Jovis.
1177 903 1253 942 290

97 959 172 996 Sed
186 962 362 1007 poterunt
381 959 492 995 ritum
512 957 622 994 Picus
641 957 864 1006 Faunusque
882 956 1011 1006 piandi

149 1011 322 1055 Prodere,
344 1011 504 1048 Romani
523 1023 659 1047 numen
678 1016 832 1058 uterque
851 1011 930 1048 soli.

96 1065 176 1102 Nec
194 1065 271 1101 sine
291 1065 325 1100 vi
345 1065 506 1102 tradent.
560 1064 750 1102 Adhibeto
769 1064 914 1101 vincula
932 1064 1059 1113 captis.

145 1119 270 1166 Atque
287 1118 351 1162 ita,
372 1130 444 1166 qua
462 1117 613 1167 possint,
635 1117 768 1162 erudit,
789 1126 867 1155 arte
886 1118 979 1167 capi.

93 1172 216 1209 Lucus
236 1171 425 1208 Aventino
444 1172 594 1209 suberat
612 1171 717 1219 niger
735 1171 826 1208 ilicis
846 1172 986 1218 umbra,
1173 1170 1249 1209 295

146 1226 231 1270 Quo
249 1237 373 1274 posses
390 1224 468 1261 viso
486 1224 618 1269 dicere,
639 1224 789 1261 Numen
806 1224 916 1262 inest.

91 1279 137 1316 In
157 1278 277 1315 medio
296 1290 460 1326 gramen,
480 1288 680 1326 muscoque
699 1277 875 1326 adoperta
894 1277 1027 1316 virenti

145 1332 321 1369 Manabat
339 1343 428 1368 saxo
446 1343 540 1368 vena
552 1330 723 1379 perennis
741 1342 856 1378 aquae.

91 1385 184 1422 Inde
202 1385 277 1422 fere
296 1385 363 1421 soli
382 1384 531 1421 Faunus
550 1383 732 1432 Picusque
744 1384 935 1423 bibebant.

143 1438 230 1475 Huc
245 1438 356 1483 venit,
378 1442 415 1476 et
433 1438 527 1475 fonti
544 1449 607 1474 rex
624 1436 750 1474 Numa
767 1442 904 1476 mactat
922 1450 1048 1482 ovem;
1171 1438 1247 1476 300

90 1492 279 1541 Plenaque
298 1491 443 1529 odorati
461 1491 623 1540 disponit
642 1490 774 1538 pocula
793 1490 956 1535 Bacchi;

143 1545 311 1594 Cumque
329 1544 403 1582 suis
422 1550 530 1583 antro
548 1544 719 1583 conditus
733 1544 810 1593 ipse
829 1544 932 1583 latet.

89 1599 151 1636 Ad
170 1598 296 1636 solitos
315 1598 469 1636 veniunt
487 1597 680 1648 sylvestria
697 1597 850 1635 numina
866 1598 1000 1644 fontes,

142 1652 192 1690 Et
209 1652 374 1689 relevant
392 1652 509 1688 multo
526 1656 675 1700 pectora
694 1652 789 1688 sicca
808 1664 922 1689 mero.

88 1706 188 1743 Vina
207 1705 309 1755 quies
328 1705 491 1753 sequitur
509 1719 516 1743 :
537 1705 662 1753 gelido
681 1705 805 1742 Numa
823 1705 947 1755 prodit
965 1705 1012 1742 ab
1030 1708 1148 1751 antro,
1168 1703 1245 1741 305

141 1758 344 1806 Vinclaque
362 1759 498 1808 sopitas
513 1758 617 1796 addit
634 1758 674 1794 in
693 1763 794 1796 arcta
813 1771 954 1796 manus.

89 1813 245 1850 Somnus
265 1818 306 1850 ut
325 1813 509 1858 abscessit,
530 1812 711 1850 tentando
731 1812 876 1850 vincula
894 1816 1064 1861 pugnant

140 1865 323 1915 Rumpere
338 1879 346 1903 ε
375 1870 584 1914 pugnantes
598 1865 728 1902 fortius
746 1865 809 1903 illa
822 1871 966 1904 tenent.

88 1920 185 1957 Tum
199 1919 345 1956 Numa:
376 1919 428 1955 Di
447 1931 650 1964 nemorum,
670 1918 775 1956 factis
793 1919 976 1968 ignoscite
994 1918 1140 1965 nostris,

144 1973 183 2011 Si
201 1973 319 2010 scelus
337 1972 488 2021 ingenio
508 1972 609 2010 scitis
628 1973 753 2010 abesse
772 1985 854 2010 meo
870 1986 878 2010 ε
1167 1971 1245 2009 310

90 2027 248 2074 Quoque
266 2026 378 2062 modo
397 2026 512 2074 possit
530 2026 681 2071 fulmen,
702 2030 920 2071 monstrate,
941 2026 1048 2076 piari.

139 2080 198 2117 Sic
217 2079 342 2116 Numa
358 2092 366 2122 ;
395 2079 446 2116 sie
461 2079 629 2126 quatiens
649 2092 787 2117 cornua
806 2079 956 2117 Faunus
975 2080 1026 2117 ait
1046 2093 1055 2117 :

86 2135 225 2181 Magna
238 2132 343 2181 petis,
363 2144 432 2169 nec
450 2144 530 2181 quae
549 2132 694 2170 monitu
707 2133 776 2170 tibi
794 2133 934 2170 discere
952 2137 1078 2171 nostro

140 2186 210 2224 Fas
229 2186 290 2223 sit.
343 2185 496 2223 Habent
514 2185 605 2223 fines
623 2185 776 2223 numina
793 2192 920 2224 nostra
938 2199 1036 2224 suos.

87 2240 140 2278 Di
159 2252 283 2277 sumus
297 2242 470 2288 agrestes,
491 2242 528 2276 et
546 2239 609 2287 qui
626 2239 857 2286 dominemur
874 2239 914 2276 in
932 2240 1017 2278 altis
1166 2238 1242 2277 315

118 2321 123 2326 .
141 2292 346 2331 Montibus.
399 2292 607 2330 Arbitrium
625 2297 681 2330 est
698 2292 738 2329 in
757 2305 822 2330 sua
839 2293 914 2331 tela
927 2293 952 2330 J
955 2293 1037 2344 ovi.-

86 2347 201 2386 Hunc
218 2351 261 2384 tu
278 2358 356 2384 non
373 2346 511 2395 poteris
529 2358 594 2396 per
611 2350 651 2384 te
668 2345 852 2384 deducere
870 2346 982 2386 coelo:

139 2401 193 2439 At
211 2399 349 2451 poteris
366 2403 492 2438 nostra
505 2399 660 2492 forsita&
675 2412 763 2491 u2sus
782 2412 864 2451 ope.
