1475 2712
543 168 755 198 CARMINUM
773 167 799 194 Ι.

191 270 345 319 Semper
364 267 580 305 haerentem
599 277 770 314 puerum,
791 262 960 307 canebat,

184 323 236 362 Et
258 323 414 373 Lycum,
435 319 546 368 nigris
565 318 682 356 oculis
698 317 883 366 nigroque

348 375 462 412 Crine
479 373 672 410 decorum.

188 429 223 468 Ο
244 430 358 467 decus
378 426 530 471 Phoebi,
553 430 590 463 et
609 424 769 474 dapibus
789 422 954 472 supremi

194 483 314 521 Grata
332 480 484 521 testudo
502 479 529 517 J
531 479 610 516 ovis
629 478 648 515 P
678 491 700 515 0
717 478 887 514 laborum

186 536 312 574 Dulce
328 534 493 572 lenimen
509 533 517 570 Ξ
547 531 639 569 mihi
659 543 817 579 cumque
835 529 936 567 salve

347 587 438 626 Rite
455 586 621 624 vocanti.

274 678 361 717 om:
379 675 677 715 XXXIII—Ad
692 674 845 713 Albium
869 673 1070 713 Tibullum.

189 773 301 817 ALBI,
322 784 370 809 ne
387 770 514 808 doleas
534 769 616 820 plus
644 768 772 814 nimio,
796 779 938 805 memor

185 825 344 863 Immitis
364 824 562 874 Glycerae,
581 835 655 860 neu
673 821 904 860 miserabiles

185 879 375 917 Decantes
393 878 530 927 elegos,
551 890 617 915 cur
636 876 706 914 tibi
719 875 851 924 junior

347 932 467 969 Laesa
484 931 695 980 praeniteat
713 929 800 966 fide.

187 986 378 1035 Insignem
398 985 504 1023 tenui
521 985 658 1029 fronte,
676 981 865 1032 Lycorida

190 1039 279 1089 Cyri
299 1043 418 1077 torret
438 1050 542 1075 amor
558 1050 566 1081 ;
598 1037 720 1086 Cyrus
738 1036 779 1072 in
799 1046 967 1084 asperam

186 1092 363 1130 Declinat
383 1091 547 1128 Pholoen
566 1104 574 1128 :
606 1090 672 1128 sed
687 1089 790 1139 prius
813 1087 975 1138 Appulis

342 1145 534 1194 Jugentur
553 1156 708 1193 capreae
726 1142 835 1192 lupis,

188 1199 311 1244 Quam
331 1198 433 1248 turpi
452 1197 591 1235 Pholoe
609 1201 740 1247 peccet
754 1195 939 1233 adultero.

186 1253 247 1290 Sic
267 1252 385 1290 visum
407 1251 547 1289 Veneri
565 1263 574 1296 ;
605 1251 665 1288 cui
684 1250 808 1299 placet
822 1249 982 1298 impares

185 1306 340 1344 Formas
358 1310 471 1354 atque
485 1305 629 1342 animos
648 1305 719 1342 sub
731 1303 828 1352 juga
846 1306 962 1340 aenea

346 1359 465 1397 Saevo
484 1358 634 1397 mittere
651 1357 845 1407 cumjoc0.

184 1413 311 1463 Ipsum
331 1424 390 1450 me
411 1412 543 1449 melior
562 1425 646 1449 cum
662 1416 809 1461 peteret
828 1409 968 1455 Venus,

187 1467 306 1516 Grata
324 1465 489 1504 detinuit
507 1465 688 1514 compede
708 1464 873 1514 Myrtale

182 1519 389 1565 Libertina,
404 1519 509 1557 fretis
524 1519 644 1557 acrior
664 1517 843 1562 Hadriae,

346 1573 548 1611 Curvantis
577 1572 759 1610 Calabros
779 1572 896 1609 sinus.

354 1663 443 1702 ODE
464 1663 750 1701 XXXIV—In
763 1663 982 1713 Epicureos.

182 1754 339 1792 PARCUS
358 1754 514 1792 deorum
530 1754 653 1792 cultor
672 1758 711 1792 et
728 1753 952 1802 infrequens,

184 1808 409 1846 Insanientis
428 1808 517 1845 dum
541 1807 746 1857 sapientiae

239 1862 443 1900 Consultus
461 1873 556 1908 erro,
578 1874 680 1898 nunc
698 1866 906 1899 retrorsum

289 1915 384 1952 Vela
402 1915 504 1961 dare,
526 1919 638 1963 atque
656 1915 793 1953 iterare
812 1926 940 1952 cursus

185 1967 313 2018 Cogor
330 1968 492 2007 relictos.
548 1969 725 2018 Namque
740 1967 946 2018 Diespiter,

183 2022 267 2072 Igni
287 2035 441 2060 corusco
460 2020 590 2060 nubila
607 2023 780 2060 dividens

239 2075 477 2124 Plerumque,
493 2089 560 2125 per
578 2088 714 2126 purum
731 2078 909 2114 tonantes

290 2128 382 2178 Egit
400 2142 526 2179 equos,
547 2130 809 2177 volucremque
828 2140 979 2167 currum
999 2140 1007 2165 :

185 2182 272 2229 Quo
289 2182 403 2220 bruta
419 2183 542 2229 tellus,
560 2188 599 2222 et
624 2196 721 2232 vaga
738 2183 905 2228 flumina,

187 2236 274 2282 Quo
294 2235 401 2286 Styx,
423 2241 461 2274 et
475 2237 585 2274 invisi
599 2236 752 2273 horrida
772 2236 933 2274 Taenari

238 2289 367 2335 Sedes,
393 2287 673 2339 Atlanteusque
691 2289 777 2327 finis

293 2342 532 2382 Concutitur.
587 2344 700 2381 Valet
719 2343 794 2380 ima
811 2341 968 2380 summis

184 2396 347 2443 Mutare,
367 2401 405 2435 et
423 2397 608 2448 insignem
628 2401 802 2436 attenuat
820 2396 926 2444 deus,

1212 153 1263 189 23

1211 261 1262 296 10

1213 528 1261 564 15

1213 1229 1262 1287 10

1213 1518 1260 1555 15

1210 2239 1259 2278 10
