1475 2712
5 240 83 292 111.]
520 248 643 278 msa-1.
1115 237 1162 275 61

8 351 92 389 Jam
111 348 193 399 pius
213 347 344 385 AEneas
364 359 479 396 regno
498 352 659 396 nataque
677 346 803 385 Latini

62 405 205 441 Auctus
224 406 313 446 erat,
334 402 488 450 populos
507 401 774 449 miscueratque
801 400 904 437 duos.

6 459 150 497 Littore
168 456 293 499 dotali,
313 454 390 492 solo
409 455 603 492 comitatus
624 454 774 499 Achate,

63 512 251 549 Secretum
269 509 370 546 nudo
388 509 475 546 dum
495 509 589 558 pede
608 508 725 557 carpit
744 508 814 545 iter
830 520 838 550 ;

11 564 180 614 Adspicit
199 569 393 607 errantem,
410 575 479 599 nec
497 561 646 599 credere
666 562 822 599 sustinet
839 560 987 597 Annam
1088 557 1163 597 605

64 618 162 655 Esse.
220 616 320 662 Quid
338 616 376 652 in
395 615 521 653 Latios
541 615 603 652 illa
622 615 764 652 veniret
782 626 890 662 agros
904 613 923 650 P

13 672 112 709 Dum
130 683 251 708 seeum
272 670 426 707 AEneas:
445 669 556 705 Anna
575 674 641 712 est,
663 668 843 705 exclamat
863 667 1037 704 Achates.

64 725 122 761 Ad
142 736 275 761 nomen
293 723 416 761 vultus
435 722 581 760 sustulit
600 722 663 759 illa
681 734 777 758 suos.

13 778 95 822 Quo
113 776 230 826 fugiat
245 777 264 813 t>
292 777 379 825 quid
399 781 485 825 agat
499 776 518 813 ἶ)
545 788 635 825 quos
656 780 762 813 terrae
783 778 924 823 quaerat
942 773 1065 811 hiatus
1080 773 1099 809 ἴ)

62 832 161 870 Ante
179 830 302 868 oculos
320 830 459 867 miserae
480 830 554 868 fata
573 829 706 867 sororis
725 834 843 865 erant·
1090 825 1166 864 610

11 884 141 927 Sensit,
163 889 200 922 et
218 884 416 932 alloquitur
435 883 614 932 trepidam
635 882 851 933 Cythereius
870 881 976 918 heros
997 894 1005 918 :

63 938 144 976 Flet
161 942 284 976 tamen
304 937 494 974 admonitu
514 937 653 982 mortis,
678 936 805 980 Elissa,
825 940 911 973 tuae.

11 991 130 1035 Anna,
150 1003 214 1040 per
232 990 325 1027 hanc
338 990 436 1039 juro,
458 1002 566 1038 quam
586 990 771 1040 quondam
791 989 918 1026 audire
937 988 1078 1025 solebas

62 1045 244 1082 Tellurem
261 1043 337 1081 fato
356 1044 583 1093 prosperiore
602 1044 701 1087 dari;

13 1097 152 1146 Perque
169 1097 255 1135 deos
273 1098 434 1139 comites,
457 1097 524 1134 hac
542 1109 660 1146 nuper
679 1096 765 1134 sede
783 1096 921 1134 locatos
936 1108 946 1139 ;
1087 1093 1163 1132 615

62 1152 166 1201 Saepe
184 1163 280 1188 meas
299 1151 381 1187 illos
400 1151 625 1200 increpuisse
642 1163 774 1187 moras.

11 1205 87 1242 Nec
106 1205 211 1243 timui
229 1204 275 1241 de
292 1208 410 1242 morte
428 1209 551 1241 tamen
568 1217 575 1241 :
606 1209 724 1242 metus
744 1203 861 1242 abfuit
879 1204 962 1242 iste.

62 1258 147 1295 Heu
167 1257 254 1295 mihi
273 1257 282 1296 1
303 1257 467 1294 credibili
486 1257 617 1294 fortior
635 1258 698 1294 illa
715 1257 798 1295 fuit.

9 1311 68 1348 Ne
85 1311 191 1348 refer.
245 1311 407 1360 Adspexi
427 1323 501 1347 non
519 1311 584 1347 illo
604 1316 753 1359 pectore
772 1310 887 1359 digna

61 1364 233 1410 Vulnera,
254 1364 446 1402 Tartareas
465 1376 573 1401 ausus
593 1364 695 1401 adire
714 1364 858 1401 domos.
1086 1363 1162 1401 620

9 1417 61 1456 At
80 1424 132 1463 tu,
153 1431 215 1455 seu
232 1418 325 1456 ratio
344 1422 381 1456 te
399 1418 534 1455 nostris
553 1417 693 1467 appulit
712 1417 796 1463 oris,

62 1472 143 1509 Sive
163 1472 275 1515 deus;
304 1472 409 1520 regni
428 1472 618 1508 commoda
637 1484 745 1520 carpe
762 1471 848 1508 mei.

10 1524 127 1563 Multa
146 1525 213 1563 tibi
233 1537 417 1569 memores,
438 1524 492 1561 nil
510 1537 585 1560 non
604 1524 779 1562 debemus
799 1524 940 1562 Elissae.

61 1577 215 1616 Nomine
233 1583 337 1627 grata
355 1583 432 1623 tu0,
451 1582 558 1627 grata
577 1578 723 1622 sororis,
744 1578 826 1616 eris.

9 1630 112 1669 Talia.
130 1631 276 1676 dicenti,
294 1644 413 1680 neque
431 1632 529 1668 enim
548 1643 630 1681 spes
649 1632 764 1669 altera
781 1636 909 1678 restat,
1086 1632 1161 1671 625

61 1685 237 1728 Credidit,
255 1698 394 1722 errores
413 1685 656 1734 exposuitque
675 1697 773 1722 suos.

11 1738 133 1787 thue
151 1739 295 1776 domum
314 1739 465 1777 intravit
485 1738 618 1788 Tyrios
636 1738 769 1776 induta
792 1743 951 1789 paratus,

61 1792 192 1842 Incipit
209 1791 339 1829 AEneas
354 1805 363 1835 ;
394 1800 527 1830 czetera
545 1792 652 1830 turba
671 1792 753 1830 silet
769 1805 777 1829 :

8 1845 115 1883 Hanc
134 1846 201 1884 tibi
219 1858 282 1883 cur
299 1845 452 1890 tradam,
473 1846 534 1895 pia
551 1858 670 1890 causa,
691 1845 847 1883 Lavinia
865 1846 1013 1896 conjux,

61 1899 126 1937 Est
145 1899 232 1936 mihi
249 1912 257 1937 ε
284 1899 465 1936 consumsi
483 1899 682 1948 naufragus
700 1898 808 1948 hujus
827 1912 924 1949 opes.
1086 1900 1162 1940 630

9 1952 101 1990 Orta
121 1951 233 2002 Tyro,
253 1965 407 2001 regnum
426 1953 567 2002 Libyca
585 1953 750 2002 possedit
769 1953 808 1989 in
828 1966 912 1990 ora:

59 2006 179 2051 Quam
197 2019 322 2055 precor
339 2012 382 2044 ut
400 2018 492 2043 carae
511 2019 612 2043 more
631 2007 763 2044 sororis
782 2019 891 2045 ames.

9 2058 141 2096 Omnia
160 2059 350 2108 promittit,
370 2059 573 2107 falsumque
591 2059 746 2097 Lavinia
767 2060 902 2097 vulnus

58 2113 185 2150 Mente
202 2114 334 2162 premit
351 2114 473 2157 tacita,
494 2113 770 2161 dissimulatque
787 2113 956 2151 fremens.

7 2165 188 2215 Donaque
206 2179 288 2203 cum
306 2166 429 2204 videat
447 2172 581 2216 praeter
599 2179 665 2203 sua
682 2166 822 2203 lumina
839 2167 926 2204 ferri
1084 2168 1160 2206 635

58 2219 176 2257 Multa
193 2219 310 2268 palam
326 2233 335 2263 ;
364 2220 461 2257 mitti
481 2220 573 2257 clam
591 2232 736 2269 quoque
755 2220 870 2258 multa
887 2226 1005 2271 putat.

5 2273 91 2309 Non
111 2280 232 2310 tamen
251 2278 430 2318 exactum,
451 2273 540 2322 quid
558 2279 654 2321 agat.
710 2273 905 2312 Furialiter
923 2275 1013 2320 odit,

58 2326 107 2364 Et
126 2332 230 2375 parat
248 2326 407 2372 insidias,
425 2334 461 2364 et
480 2326 582 2376 cupit
600 2327 677 2364 ulta
698 2327 802 2364 mori.

4 2378 91 2417 Nox
109 2385 212 2417 erat:
233 2386 319 2417 ante
337 2385 458 2416 torum
478 2380 554 2417 visa
573 2385 628 2417 est
646 2379 791 2417 adstare
810 2381 944 2418 sororis

58 2433 245 2481 squalenti
265 2432 365 2469 Dido
383 2433 667 2482 sanguinolenta
685 2446 810 2477 coma;
826 2451 827 2456 ¹
1087 2435 1163 2473 640

7 2486 70 2533 Et,
91 2486 204 2536 Fuge,
224 2499 272 2523 ne
289 2486 430 2533 dubita,
449 2492 617 2525 maestum
636 2487 735 2536 fuge,
755 2487 888 2533 dicere,
910 2492 1061 2527 tectum.

566 2539 596 2576 F
