1475 2712
454 236 459 241 ,
485 207 680 236 Ammnos
706 207 766 234 m.
1164 197 1213 232 51

43 306 119 352 Qui
139 305 316 356 tripodas,
337 303 452 343 Clarii
470 304 606 349 lauros,
623 303 686 351 qui
703 302 826 340 sidera
845 301 973 346 sentis,
1135 300 1214 339 360

43 359 94 398 Et
117 360 306 397 volucrum
325 359 484 407 linguas,
505 362 542 395 et
561 356 747 406 praepetis
766 355 891 393 omina
909 367 1080 404 pennae;

44 412 138 450 Fare
157 425 238 462 age,
261 410 437 462 (namque
463 422 614 448 omnem
641 422 787 447 cursum
808 409 898 445 mihi
917 420 1093 458 prospera
1118 407 1214 446 dixit

42 465 205 514 Religio,
227 470 264 503 et
284 465 409 503 cuncti
428 468 625 501 suaserunt
643 463 797 499 numine
816 462 893 498 divi

42 518 187 556 Italiam
207 525 344 568 petere,
365 523 403 556 et
420 522 539 555 terras
557 521 706 554 tentare
725 521 892 565 repostas
909 528 917 552 :

42 571 129 609 Sola
146 585 297 616 novum,
319 572 497 620 dictuque
515 570 630 615 nefas,
655 569 827 618 Harpyia
847 568 1011 605 Celaeno
1136 566 1212 604 365

43 625 260 674 Prodigium
282 626 392 670 canit,
413 630 452 662 et
470 623 587 662 tristis
607 623 806 660 denuntiat
825 623 911 665 iras,

39 677 323 727 Obscenamque
341 676 495 728 famem)
517 689 611 725 quae
628 676 748 726 prima
764 675 929 725 pericula
943 674 1020 711 vito
1035 673 1054 710 P

41 731 190 776 Quidve
210 743 376 780 sequens,
397 736 523 770 tantos
543 730 678 779 possim
694 742 868 779 superare
886 729 1030 764 labores
1046 727 1066 764 ⁶?

41 785 116 822 Hic
131 785 312 830 Helenus,
334 785 448 822 caesis
467 784 626 834 primum
647 783 694 820 de
712 795 815 820 more
828 781 1010 830 juvencis,

41 838 183 876 Exorat
200 851 327 888 pacem
347 838 484 883 divom,
505 837 692 885 vittasque
712 836 864 873 resolvit
1132 834 1212 872 370

41 892 184 929 Sacrati
204 891 345 941 capitis,
367 903 500 940 meque
520 891 568 927 ad
587 897 652 928 tua
670 889 812 934 limina,
837 889 999 933 Phoebe,

40 944 124 994 Ipse
144 957 267 990 manu,
289 945 407 982 multo
427 956 645 993 suspensum
664 943 827 987 numine,
849 942 978 985 ducit3

39 998 165 1046 Atque
183 998 274 1035 haec
288 998 425 1035 deinde
445 998 546 1035 canit
561 997 688 1033 divino
708 1009 753 1033 ex
773 1009 837 1033 ore
856 995 1027 1032 sacerdos
1043 1007 1051 1031 :

90 1051 190 1088 Nate
209 1052 290 1096 dea,
311 1063 396 1087 nam
418 1056 457 1088 te
475 1050 676 1100 majoribus
695 1050 749 1086 ire
767 1062 834 1098 per
851 1049 969 1086 altum

38 1104 225 1154 Auspiciis
244 1104 435 1140 manifesta
453 1104 545 1140 fides
561 1117 570 1148 ;
600 1103 652 1140 sic
671 1104 747 1140 fata
766 1103 875 1139 desim
897 1115 962 1137 rex
1134 1100 1210 1139 375

39 1158 214 1203 Sortitur,
234 1157 425 1206 volvitque
444 1156 542 1194 vices
561 1171 569 1194 :
598 1156 629 1192 is
648 1156 807 1194 vertitur
826 1156 918 1191 ordo
935 1168 942 1191 ε

40 1210 163 1248 Pauca
183 1211 251 1249 tibi
271 1223 291 1247 e
309 1211 448 1254 multis,
469 1222 542 1258 quo
561 1209 680 1248 tutior
700 1209 846 1258 hospita
866 1209 1000 1245 lustres

36 1264 222 1314 Aequora,
244 1268 282 1301 et
302 1263 474 1301 Ausonio
493 1263 611 1312 possis
631 1263 825 1299 considere
845 1268 969 1311 portu,

38 1317 243 1367 Expediam
264 1317 374 1354 dictis
394 1330 402 1361 ;
431 1317 633 1366 prohibent
651 1329 738 1352 nam
758 1321 881 1353 cetera
902 1315 1041 1351 Parcae

38 1370 152 1416 Scire,
174 1371 364 1408 Helenum
383 1370 528 1419 farique
546 1375 649 1407 vetat
663 1369 838 1407 Saturnia
857 1369 880 1406 J
885 1380 971 1405 uno.
1134 1365 1211 1403 380

38 1424 238 1474 Principio,
261 1424 419 1469 Italiam,
441 1436 551 1472 quam
571 1429 612 1461 tu
627 1423 705 1472 jam
724 1435 806 1459 rere
825 1422 1083 1472 propinquam,

37 1477 277 1526 Vicinosque,
298 1477 435 1525 ignare,
454 1489 562 1522 paras
581 1477 760 1513 invadere
780 1481 922 1525 portus,

38 1530 172 1579 Longa
190 1531 320 1580 procul
338 1531 461 1579 longis
479 1530 539 1567 via
557 1530 693 1568 dividit
711 1529 812 1566 invia
833 1529 957 1567 terris.

37 1585 140 1622 Ante
159 1589 197 1622 et
217 1584 411 1621 Trinacria
430 1584 631 1621 lentandus
650 1596 774 1620 remus
793 1583 832 1619 in
850 1583 966 1625 unda,

38 1637 90 1675 Et
107 1637 192 1675 salis
212 1637 371 1674 Ausonii
390 1637 627 1674 lustrandum
647 1637 803 1674 navibus
823 1648 972 1684 aequor,
1134 1633 1210 1671 385

38 1690 253 1740 Infernique
271 1691 384 1736 lacus,
407 1689 629 1739 Aeaeaeque
646 1690 768 1726 insula
788 1690 930 1733 Circae,

38 1744 160 1789 Quam
182 1750 266 1782 tuta
284 1744 401 1793 possis
420 1744 549 1780 urbem
570 1756 793 1792 componere
811 1748 922 1780 terra.

35 1797 152 1846 Signa
169 1798 239 1836 tibi
259 1797 376 1834 dicam
394 1811 402 1831 r
432 1802 475 1834 tu
495 1797 645 1834 condita
663 1802 788 1834 mente
805 1802 948 1834 teneto.

37 1850 164 1895 Quum
185 1851 254 1889 tibi
273 1850 444 1894 sollicito,
467 1850 600 1887 secreti
620 1850 667 1886 ad
686 1850 850 1887 fluminis
869 1849 1021 1894 undam,

37 1904 216 1942 Littoreis
234 1905 368 1952 ingens
386 1904 541 1941 inventa
560 1904 629 1940 sub
648 1903 794 1940 ilicibus
814 1917 887 1949 sus,
1134 1902 1212 1940 390

39 1957 212 2007 Triginta
231 1957 395 2007 capitum
414 1957 513 1994 fetus
533 1957 653 2002 enixa,
665 1957 817 2006 jacebit,

37 2011 147 2057 Alba,
167 2011 246 2048 solo
266 2011 459 2055 recubans,
480 2011 555 2047 albi
574 2011 712 2047 circum
733 2011 849 2047 ubera
868 2011 948 2048 nati
964 2024 972 2054 ;

38 2063 75 2101 Is
94 2064 197 2102 locus
216 2064 318 2102 urbis
338 2064 421 2109 erit,
441 2064 586 2113 requies
601 2077 645 2101 ea
663 2069 766 2101 certa
782 2064 967 2101 laborum.

38 2117 119 2154 Nec
137 2123 180 2156 tu
198 2129 409 2155 mensarum
426 2130 570 2154 morsus
589 2117 764 2154 horresce
782 2117 930 2156 futuros
950 2133 958 2157 z

37 2169 131 2208 Fata
150 2171 247 2208 viam
266 2170 471 2214 invenient,
487 2170 680 2218 aderitque
700 2176 855 2208 vocatus
873 2171 1027 2221 Apollo.
1136 2170 1213 2208 395

36 2223 118 2261 Has
137 2231 262 2263 autem
279 2230 407 2269 terras,
429 2223 589 2272 Italique
606 2224 703 2260 hanc
716 2224 852 2262 littoris
871 2237 985 2271 oram,

40 2276 216 2315 Proxima
235 2289 330 2326 quae
348 2277 468 2314 nostri
487 2276 727 2326 perfunditur
746 2279 917 2326 aequoris
937 2283 1054 2322 aestu,

39 2329 174 2380 Effuge
194 2344 204 2370 ε
233 2334 368 2369 cuncta
386 2329 492 2367 malis
510 2330 729 2368 habitantur
748 2331 896 2370 moenia
916 2332 1052 2370 Graiis.

39 2383 114 2421 Hic
133 2389 172 2422 et
190 2383 346 2434 Narycii
364 2389 570 2433 posuerunt
589 2383 737 2421 moenia
755 2383 880 2431 Locri,

41 2436 91 2475 Et
112 2437 339 2477 Sallentinos
359 2437 505 2475 obsedit
521 2437 640 2475 milite
660 2449 811 2487 campos
1134 2438 1213 2484 400
