1414 2666
176 176 226 219 7ss

621 187 833 216 CARMINUM
852 186 908 213 IV.

274 283 592 336 Conditquisque
610 285 709 324 diem
728 285 885 324 collibus
902 285 943 322 in
961 283 1050 330 suis,

276 338 328 377 Et
347 339 463 377 vitem
481 340 614 377 viduas
632 339 738 378 ducit
757 340 806 378 ad
825 340 977 376 arbores
993 351 1003 376 :

277 392 383 431 Hinc
402 393 450 430 ad
470 393 558 430 vina
575 393 674 432 redit
692 394 826 439 laetus,
847 398 886 431 et
904 392 1033 431 alteris

382 446 438 484 Te
453 447 591 484 mensis
609 447 764 486 adhibet
783 447 897 484 deum
913 460 921 482 :

273 499 330 537 Te
348 500 468 538 multa
484 513 605 551 prece,
625 506 664 539 te
682 501 922 550 prosequitur
940 511 1045 537 mero

269 552 415 592 Defuso
433 554 592 604 pateris;
621 559 660 593 et
679 555 840 593 Laribus
859 559 968 592 tuum

268 606 404 646 Miscet
422 620 573 653 numen,
593 609 650 646 uti
671 608 832 646 Graecia
852 607 1017 645 Castoris

375 661 427 700 Et
446 663 584 711 magni,
605 675 758 707 memor,
779 661 970 699 Herculis.

268 713 421 764 Longas
441 728 464 753 0
483 717 639 762 utinam,
662 716 755 753 Dux
773 716 882 760 bone,
901 714 1010 752 ferias

269 768 441 808 Praestes
460 769 691 819 Hesperiae!
721 769 879 806 dicimus
897 768 1049 816 integro

266 823 362 860 Sicci
380 836 490 861 mane
510 823 582 868 die,
604 823 763 860 dicimus
782 822 899 866 uvidi,

376 876 473 914 Cum
494 876 558 914 Sol
581 875 734 914 Oceano
753 877 895 913 subest.

479 954 569 992 ODE
590 954 647 990 VI
652 953 783 991 .—Ad
800 952 1028 1004 Apollinem.

262 1034 382 1078 D1vss‚
404 1046 513 1082 quem
532 1033 654 1083 proles
675 1033 845 1070 Niobaea
864 1044 1024 1081 magnae

269 1086 465 1125 Vindicem
483 1088 647 1136 linguae,
671 1087 880 1136 Tityosque
898 1091 1028 1134 raptor

266 1142 403 1188 Sensit,
425 1147 474 1188 et,
498 1141 634 1190 Trojae
653 1153 770 1191 prope
789 1141 910 1177 victor
924 1140 1034 1185 altae,

477 1195 638 1233 Phthius
658 1194 836 1239 Achilles,

264 1248 409 1286 Ceteris
427 1249 558 1298 major,
576 1249 646 1287 tibi
665 1249 770 1285 miles
788 1248 908 1297 impar
929 1259 938 1291 ;

267 1302 382 1339 Filius
402 1316 628 1353 quamquam
651 1301 834 1340 Thetidos
853 1301 1021 1338 marinae

260 1355 460 1394 Dardanas
480 1361 603 1394 turres
623 1360 797 1405 quateret
816 1355 1013 1392 tremenda

478 1410 643 1459 Cuspide
658 1421 823 1458 pugnax.

271 1462 351 1509 Ille,
373 1463 539 1501 mor-daci
560 1463 663 1501 velut
679 1463 755 1501 icta
773 1462 872 1499 ferro

263 1517 394 1562 Pinus,
415 1522 480 1555 aut
495 1517 654 1566 impulsa
674 1528 871 1566 cupressus
892 1515 1008 1561 Euro,

264 1570 434 1609 Procidit
452 1572 540 1616 late,
562 1571 762 1620 posuitque
782 1570 921 1607 collum
939 1569 979 1606 in

475 1625 636 1662 Pulvere
657 1624 815 1662 Teucro.

263 1678 331 1715 Ille
350 1690 439 1724 non,
460 1678 627 1716 inclusus
647 1691 744 1728 equo
765 1677 959 1714 Minervae

265 1732 378 1770 Sacra
395 1732 566 1778 mentito,
589 1732 685 1769 male
705 1732 857 1769 feriatos

263 1786 381 1824 Troas
397 1792 434 1824 et
453 1787 589 1837 laetam
612 1786 752 1823 Priami
771 1784 915 1822 choreis

479 1840 642 1877 Falleret
661 1839 783 1876 aulam
799 1852 808 1876 z

261 1894 338 1930 Sed
358 1894 478 1943 palan]
499 1894 618 1942 captis
636 1893 773 1941 gravis,
795 1892 870 1929 heu
890 1890 1017 1928 nefas!
1048 1890 1122 1928 heu
1144 1890 1152 1928 Σ

261 1947 416 1985 Nescios
435 1946 504 1984 fari
523 1959 658 1995 pueros
680 1946 834 1983 Achivis

264 2000 402 2039 Ureret
421 2001 590 2044 flammis,
613 2000 726 2038 etiam
743 2000 927 2037 latentem

476 2054 609 2091 Matris
622 2054 662 2090 in
678 2054 761 2090 alvo
778 2067 786 2096 ;

263 2109 325 2154 Ni,
346 2108 422 2147 tuis
441 2108 562 2145 victus
584 2107 820 2156 Venerisque
839 2110 971 2155 gratae

264 2163 443 2208 Vocibus,
463 2162 592 2199 divum
611 2167 718 2211 pater
738 2161 932 2198 annuisset

265 2216 397 2253 Rebus
417 2217 568 2253 Aeneae
588 2215 733 2264 potiore
746 2215 878 2252 ductos

480 2270 581 2307 Alite
601 2281 736 2306 muros.

263 2324 409 2361 Doctol·
429 2323 606 2371 Argivae,
627 2322 775 2366 fidicen,
799 2320 968 2366 Thaliae,

262 2376 423 2423 Phoebe,
444 2377 509 2427 qui
528 2376 683 2414 Xantho
703 2376 795 2413 lavis
814 2387 924 2412 amne
942 2375 1076 2422 crines,

263 2431 438 2469 Dauniae
456 2430 618 2468 defende
638 2430 752 2467 decus
763 2441 957 2473 camenae,

479 2484 590 2521 Levis
611 2483 774 2533 Agyieu.

1295 337 1349 374 30

1293 603 1346 642 35

1295 874 1347 911 40

1321 1247 1345 1285 ξπ

1293 1515 1345 1553 10

1288 2319 1340 2358 25
