1475 2712
552 144 742 172 Anunmos
768 144 794 172 1.
1231 133 1256 172 5

101 240 207 278 Ilium
226 240 264 278 in
286 240 427 279 Italiam
446 246 608 291 portans,
627 240 817 290 victosque
837 240 1019 278 Penates:

98 294 227 332 Incute
245 294 317 331 vim
338 296 468 340 ventis,
488 296 766 344 submersasque
784 294 899 331 obrue
918 305 1080 343 puppes;

97 347 178 385 Aut
196 360 265 397 age
284 348 456 394 diversos,
477 353 515 386 et
534 348 661 397 disjice
680 360 834 397 corpora
853 352 980 397 ponto.

98 400 195 438 Sunt
213 402 301 438 mihi
322 402 376 439 bis
394 406 533 451 septem
553 401 754 451 praestanti
773 413 925 450 corpore
944 399 1138 451 nymphae,
1207 399 1256 439 75

98 453 278 499 Quarum,
299 468 393 504 quae
410 455 527 492 forma
545 454 800 504 pulcherrima,
824 454 1024 503 Deiopeam

98 507 294 545 Connubio
303 508 458 557 jungam
478 509 612 554 stabili,
633 508 892 558 propriamque
910 508 1061 553 dicabo;

100 560 231 599 Omnis
250 567 292 600 ut
311 568 444 606 tecum,
465 562 606 600 meritis
625 575 691 612 pro
711 562 857 605 talibus,
878 573 994 599 anuos

98 614 247 663 Exigat‚
268 620 306 653 et
324 615 476 664 pulchra
494 616 604 654 faciat
619 622 656 653 te
675 615 777 665 prole
795 620 999 664 parentem.

150 669 288 706 Aeolus
306 669 395 706 haec
415 675 566 707 contra:
599 669 713 712 Tuus,
735 681 757 706 o
775 668 928 717 regina!
957 668 1047 718 quid
1065 673 1169 719 optes
1206 667 1255 706 80

98 721 300 771 Explorare
318 723 422 760 labor
441 736 450 767 ;
479 723 567 760 mihi
581 723 685 772 jussa
704 728 890 771 capessere
909 721 962 759 fas
981 727 1050 760 est.

98 775 158 812 Tu
175 775 276 820 mihi,
297 777 555 826 quodcumque
573 776 643 813 hoc
662 776 779 824 regni,
799 780 841 814 tu
860 782 1003 825 sceptra
1021 776 1228 826 Jovemque

98 828 303 867 Coucilias:
333 837 376 868 tu
395 831 460 867 das
475 830 591 879 epulis
610 830 824 867 accumbere
843 829 978 875 divom,

98 882 391 936 ²lN‘imborumque
408 884 496 921 facis
515 888 849 933 tempestatumque
868 887 1068 932 potentem.

150 936 254 974 Haec
269 937 329 974 ubi
348 938 457 983 dicta,
474 951 614 982 cavum,
631 949 807 974 conversa
825 937 986 985 cuspide,
1001 941 1162 974 montem
1205 936 1253 974 85

97 989 249 1039 Impulit
268 991 306 1026 in
325 991 421 1028 latus
437 1005 445 1035 ;
475 1004 517 1028 ac
536 991 650 1036 venti,
671 991 773 1028 velut
788 990 928 1038 agmine
947 990 1057 1036 sacto,

98 1043 182 1089 Qua
201 1044 285 1080 data
303 1050 419 1092 porta,
436 1049 562 1089 ruunt,
575 1049 613 1082 et
631 1050 746 1082 terras
765 1044 913 1081 turbine
931 1044 1097 1093 perflant.

97 1096 303 1134 Incubuere
318 1098 419 1143 mari,
441 1103 635 1147 totumque
654 1110 675 1134 a
694 1097 843 1134 sedibus
858 1097 941 1133 imis

100 1150 186 1187 Una
208 1150 403 1200 Eurusque
424 1152 619 1200 Notusque
636 1155 762 1192 ruunt,
782 1151 981 1199 creberque
1000 1150 1168 1199 procellis

96 1204 254 1247 Africus,
279 1209 316 1241 et
335 1210 456 1242 vastos
475 1205 630 1242 volvunt
649 1205 695 1241 ad
710 1204 837 1241 littora
853 1204 1000 1241 fluctus.
1201 1203 1251 1243 90

96 1257 306 1306 Insequitur
325 1259 533 1307 clamorque
551 1258 681 1303 virum,
703 1257 910 1306 stridorque
928 1257 1139 1303 rudentum,

97 1310 271 1360 Eripiunt
289 1312 411 1349 subito
431 1313 546 1349 nubes
565 1312 792 1361 coelumque,
814 1311 994 1359 diemque,

98 1364 324 1402 Teucrorum
346 1378 390 1402 ex
410 1366 524 1403 oculis
540 1379 547 1402 τ
578 1371 694 1414 ponto
713 1377 788 1402 nox
807 1364 958 1402 incubat
977 1369 1070 1402 atra.

97 1417 298 1456 Intonuere
315 1419 400 1469 poli,
422 1425 459 1457 et
477 1420 613 1456 crebris
632 1419 743 1456 micat
757 1418 905 1467 ignibus
923 1418 1048 1456 aether
1063 1432 1071 1462 ;

97 1471 405 1522 Praesentemque
423 1473 508 1510 viris
527 1473 715 1511 intentant
735 1472 858 1509 omnia
876 1479 1042 1508 mortem.
1196 1471 1245 1510 95

95 1525 292 1574 Extemplo
312 1527 461 1563 Aeneae
480 1527 673 1564 solvuntur
694 1526 831 1574 frigore
850 1526 1012 1562 membra
1028 1539 1036 1562 :

97 1579 267 1627 Ingemit,
287 1586 335 1625 et,
356 1581 512 1628 duplicis
530 1580 687 1618 tendens
707 1580 753 1616 ad
768 1579 888 1616 sidera
906 1579 1056 1628 palmas,

98 1632 203 1670 Talia
220 1645 308 1670 voce
327 1634 438 1672 refert
458 1645 466 1670 :
496 1633 530 1671 O
551 1640 680 1683 terque
699 1639 900 1681 quaterque
919 1632 1015 1670 beati
1032 1633 1039 1670 l

98 1688 191 1731 Quis
211 1692 298 1724 ante
316 1700 381 1724 ora
400 1693 543 1736 patrum
565 1687 699 1736 Trojae
718 1687 786 1723 sub
800 1686 991 1723 moenibus
1011 1686 1095 1724 altis

96 1740 265 1788 Contigit
285 1746 458 1790 oppetere
477 1742 484 1778 1
518 1754 539 1777 o
558 1740 731 1777 Danaum
749 1740 945 1777 fortissime
962 1740 1096 1789 gentis,
1181 1739 1256 1776 100

96 1793 244 1844 Tydide
263 1794 272 1832 l
301 1807 407 1832 mene
427 1794 544 1832 Iliacis
564 1795 779 1832 occumbere
805 1793 922 1842 campi

96 1847 183 1885 Non
202 1848 376 1897 potuisse,
405 1854 543 1898 tuaque
571 1849 726 1885 animam
756 1847 851 1884 hanc
878 1846 1064 1883 effundere
1091 1845 1255 1884 dextra?

97 1902 234 1939 Saevus
253 1902 315 1939 ubi
337 1903 519 1940 Aeacidae
536 1902 610 1940 telo
623 1901 724 1950 jacet
744 1900 900 1943 Hector,
918 1900 982 1937 ubi
998 1901 1129 1949 ingens

98 1955 288 2004 Sarpedon
308 1969 316 2000 ;
346 1956 410 1993 ubi
428 1961 485 1994 tot
501 1955 632 1994 Simois
650 1960 819 2004 correpta
835 1955 904 1992 sub
922 1954 1031 1991 undis

99 2009 211 2047 Scuta
228 2009 358 2055 virum,
382 2010 589 2059 galeasque,
611 2014 649 2048 et
666 2009 777 2047 fortia
794 2020 958 2058 corpora,
980 2007 1104 2046 volvit.
1179 2007 1254 2045 105

151 2062 256 2100 Talia
269 2062 428 2112 jactanti
447 2063 606 2101 stridens
625 2063 796 2112 aquilone
814 2061 973 2112 procella

99 2116 133 2151 V
135 2116 232 2153 elum
252 2117 404 2154 adversa
422 2117 516 2162 ferit,
537 2117 745 2165 fluctusque
764 2115 810 2153 ad
830 2115 949 2152 sidera
967 2114 1086 2153 tollit:

102 2170 342 2219 Franguntur
360 2171 451 2207 remi
467 2184 474 2211 :
505 2177 584 2210 tum
604 2183 714 2220 prora
733 2169 878 2214 avertit,
899 2175 937 2207 et
955 2168 1065 2206 undis

100 2224 178 2262 Dat
191 2224 288 2261 latus
309 2237 317 2261 :
346 2224 553 2273 insequitur
572 2224 718 2261 cumulo
738 2228 956 2273 praeruptus
976 2234 1094 2271 aquae
1112 2235 1227 2261 mons,

99 2277 152 2314 Hi
170 2290 313 2315 summo
331 2277 370 2314 in
388 2278 504 2316 fluctu
517 2277 682 2327 pendent
697 2290 706 2314 z
735 2277 793 2314 his
811 2276 912 2314 unda
930 2275 1119 2314 dehiscens
1175 2276 1251 2314 110

100 2331 252 2368 Terram
271 2331 368 2370 inter
385 2331 519 2370 fluctus
539 2331 678 2381 aperit:
706 2330 797 2368 furit
814 2334 936 2368 aestus
956 2329 1086 2367 arenis.

100 2383 183 2422 Tris
202 2384 324 2424 Notus
342 2386 512 2436 abreptas
530 2385 568 2423 in
589 2397 675 2422 saxa
693 2383 847 2422 latentia
862 2389 1010 2434 torquet
1026 2397 1037 2427 ;

634 2439 711 2480 A2
