1414 2666
116 169 162 204 12
407 168 452 205 P.
484 168 733 207 VIRGILII
765 169 1025 208 MARONIS
1198 168 1309 222 [Lm.

163 275 254 323 Ipsa
273 275 356 312 dies
376 275 470 312 alios
491 276 565 312 alio
584 276 690 314 dedit
711 277 844 313 ordine
866 277 977 314 Luna

108 328 259 365 Felices
279 341 454 376 operum:
475 329 651 376 quintam
670 330 781 379 fuge;
801 330 967 379 pallidus
989 329 1114 368 Orcus

109 381 424 430 Eumenidesque
445 389 553 425 satae3
574 390 656 419 tum
678 390 790 431 partu
815 385 938 421 Terra
957 383 1124 421 nefando

111 434 327 483 Coeumque
348 435 603 484 Iapetumque
623 444 738 481 creat,
760 449 983 485 saevumque
1004 437 1191 487 Typhoea,

108 488 161 525 Et
181 488 401 536 conjuratos
421 489 560 525 coelum
580 490 798 527 rescindere
822 490 973 527 fratres.
1228 491 1307 528 280

109 541 189 578 Ter
209 548 300 578 sunt
318 542 447 578 conati
465 542 662 590 imponere
684 543 794 580 Pelio
816 543 954 582 Ossam
988 557 990 559 ·

111 594 278 640 Scilicet,
299 601 414 642 atque
437 595 542 632 Ossae
562 596 786 633 frondosum
807 597 1006 634 involvere
1028 596 1257 646 Olympum3

109 648 188 685 Ter
210 648 329 685 Pater
349 655 568 686 exstructos
588 649 740 697 disjecit
759 650 922 687 fulmine
941 657 1107 687 montes.

109 699 293 749 Septuma
313 708 397 750 post
418 703 615 739 decumam
637 703 745 748 felix,
767 711 805 740 et
826 716 967 750 ponere
986 704 1119 748 vitem,

107 755 160 791 Et
181 767 338 802 prensos
357 756 545 793 domitare
565 757 696 800 boves,
719 763 756 793 et
777 757 866 793 licia
885 757 971 793 telae
1227 757 1307 794 285

110 808 287 851 Addere3
307 821 408 845 nona
427 808 529 857 fugae
548 810 696 854 melior,
717 809 910 846 contraria
930 809 1058 846 furtis.

162 862 291 898 Multa
311 863 406 898 adeo
425 863 553 910 gelida
575 863 710 899 melius
731 875 771 899 se
792 869 904 899 nocte
924 863 1075 907 dedere,

106 915 192 951 Aut
212 927 299 951 cum
320 915 399 952 sole
420 928 521 951 novo
542 921 665 952 terras
685 916 828 952 irrorat
849 916 966 953 Eous.

106 968 233 1005 Nocte
254 969 359 1005 leves
379 968 516 1005 melius
538 969 700 1017 stipulae,
725 975 836 1006 nocte
856 970 964 1006 arida
984 975 1095 1017 prata

109 1021 355 1065 Tondentur3
375 1029 507 1059 noctes
528 1022 657 1059 lentus
679 1035 755 1058 non
777 1023 907 1060 deficit
927 1023 1079 1059 humor.
1229 1023 1310 1060 290

106 1074 159 1111 Et
179 1075 334 1123 quidam
356 1088 459 1112 seros
480 1076 633 1112 hiberni
656 1077 703 1113 ad
724 1076 881 1112 luminis
902 1077 1012 1125 ignes

105 1127 336 1174 Pervigilat,
357 1128 537 1176 ferroque
558 1128 660 1166 faces
680 1129 845 1178 inspicat
865 1136 994 1173 acuto3

105 1181 262 1218 Interea
281 1182 440 1230 longum
460 1190 575 1218 cantu
597 1183 718 1220 solata
740 1184 909 1220 laborem

107 1236 263 1283 Arguto
283 1235 427 1282 conjux
448 1236 640 1284 percurrit
661 1236 811 1284 pectine
832 1237 946 1279 telas;

105 1288 192 1325 Aut
212 1288 335 1325 dulcis
355 1289 473 1325 musti
495 1289 672 1326 Vulcano
693 1290 872 1338 decoquit
892 1290 1104 1334 humorem,
1229 1289 1306 1326 295

106 1341 158 1377 Et
180 1341 283 1378 foliis
306 1343 447 1378 undam
468 1343 610 1390 trepidi
631 1343 833 1390 despumat
853 1343 954 1380 ae'ni.

161 1397 215 1430 At
235 1396 450 1432 rubicunda
472 1396 590 1433 Ceres
611 1397 736 1432 medio
757 1397 969 1432 succiditur
988 1402 1095 1441 aestu,

104 1448 157 1484 Et
187 1449 312 1485 medio
333 1455 451 1485 tostas
471 1457 565 1486 aestu
586 1450 678 1486 terit
699 1462 787 1486 area
806 1449 949 1498 fruges.

105 1501 250 1538 Nudus
271 1515 348 1547 ara,
371 1515 454 1538 sere
474 1503 616 1539 nudus:
638 1503 760 1539 hiems
781 1503 923 1551 ignava
942 1502 1090 1539 colono.

106 1555 338 1604 Frigoribus
358 1562 469 1604 parto
490 1556 668 1604 agricolae
689 1556 916 1604 plerumque
936 1556 1133 1601 fruuntur,
1228 1557 1307 1593 300

106 1608 326 1657 Mutuaque
346 1609 449 1646 inter
469 1622 510 1646 se
533 1610 608 1645 laeti
629 1610 810 1647 convivia
834 1615 984 1646 curant.

105 1662 256 1698 Invitat
275 1663 440 1711 genialis
461 1662 598 1706 hiems,
619 1675 808 1711 curasque
826 1663 1003 1700 resolvit:

106 1715 189 1752 Ceu
212 1727 352 1763 pressae
374 1729 461 1752 cum
476 1715 558 1764 jam
580 1723 734 1764 portum
755 1717 920 1764 tetigere
940 1715 1092 1760 carinae,

105 1768 310 1817 Puppibus
329 1775 367 1806 et
387 1769 465 1806 laeti
486 1776 612 1806 nautae
631 1770 851 1817 imposuere
870 1781 1041 1806 coronas.

107 1820 182 1858 Sed
197 1828 326 1859 tamen
340 1829 378 1859 et
392 1835 559 1870 quernas
574 1823 734 1871 glandes
750 1831 832 1859 tum
849 1824 1042 1871 stringere
1057 1828 1209 1871 tempus
1230 1823 1307 1859 305

105 1875 159 1911 Et
178 1876 277 1911 lauri
300 1877 435 1912 baccas
456 1876 655 1924 oleamque
675 1883 911 1923 cruentaque
932 1881 1076 1924 myrta3

107 1929 209 1965 Tum
231 1929 393 1977 gruibus
414 1930 568 1977 pedicas
587 1936 625 1966 et
645 1930 742 1966 retia
763 1942 906 1977 ponere
925 1931 1066 1973 cervis,

105 1983 346 2030 Auritosque
367 1983 475 2030 sequi
495 1983 645 2031 lepores
668 1997 677 2025 ;
697 1989 778 2018 tum
800 1984 918 2031 figere
938 1983 1079 2026 damas,

107 2034 278 2084 Stuppea
300 2042 542 2084 torquentem
564 2036 738 2072 Balearis
759 2037 921 2073 verbera
942 2036 1091 2079 fundae3

108 2088 238 2135 Quum
255 2089 324 2125 nix
337 2089 541 2136 altajacet,
555 2089 717 2138 glaciem
730 2102 850 2137 quum
864 2089 1210 2126 fiuminatrudunt.
1228 2089 1307 2125 310

162 2142 266 2188 Quid
286 2148 534 2191 tempestates
554 2144 751 2179 auctumni
773 2150 810 2179 et
830 2143 955 2179 sidera
975 2141 1122 2179 dicam?

105 2196 250 2243 Atque,
274 2197 338 2232 ubi
354 2196 436 2243 jam
457 2197 689 2244 breviorque
709 2197 790 2233 dies
810 2203 849 2233 et
869 2196 1023 2232 mollior
1042 2202 1164 2240 aestas,

107 2248 203 2294 Quae
225 2250 423 2297 vigilanda
444 2249 562 2286 viris?
584 2251 645 2286 vel
666 2263 754 2287 cum
774 2250 854 2286 ruit
876 2248 1120 2286 imbriferum
1139 2261 1220 2294 ver,

107 2300 242 2350 Spicea
256 2302 339 2350 jam
361 2303 505 2351 campis
526 2316 613 2340 cum
634 2303 770 2340 messis
790 2303 996 2347 inhorruit,
1018 2308 1057 2339 et
1076 2314 1164 2339 cum

105 2355 319 2392 Frumenta
343 2356 383 2392 in
404 2356 521 2392 viridi
542 2357 685 2405 stipula
704 2356 884 2393 lactentia
904 2355 1114 2404 turguent?
1227 2356 1303 2392 315

109 2407 218 2457 Saepe
239 2421 322 2457 egO,
345 2421 432 2445 cum
453 2410 565 2447 flavis
587 2423 790 2447 messorem
812 2410 1013 2446 induceret
1033 2409 1137 2445 arvis
