1475 2712
528 164 739 193 GARMINUM
759 165 805 192 11.

285 261 458 308 Laetitia,
480 261 659 300 moriture
679 261 793 307 Delli,

180 316 255 353 Seu
274 322 439 354 moestus
458 314 558 353 omni
577 319 748 363 tempore
768 314 914 361 vixeris,

180 370 255 407 Seu
275 374 313 407 te
330 369 369 406 in
389 373 531 407 remoto
551 368 722 417 gramine
735 380 801 418 per
821 369 899 406 dies

232 422 360 461 Festos
380 423 601 460 reclinatum
621 422 743 459 bearis

285 474 468 514 Interiore
486 480 577 513 nota
597 474 760 512 Falerni.

176 531 263 576 Qua
282 529 393 578 pinus
412 529 557 578 ingens,
580 528 739 578 albaque
759 529 932 578 populus,

183 583 364 620 Umbram
383 582 605 632 hospitalem
624 583 838 620 consociare
858 586 984 619 amant

229 636 371 682 Ramis,
393 640 431 673 et
450 636 602 686 obliquo
621 635 768 673 laborat

277 689 450 739 Lympha
468 689 585 739 fugax
604 689 792 739 trepidare
812 689 891 725 rivo
908 702 915 732 ς

179 743 269 780 Huc
288 743 385 789 vina,
403 747 440 781 et
459 747 668 792 unguenta,
687 747 726 780 et
745 743 900 779 nimium
920 741 1042 779 brevis

180 796 209 833 F
212 797 309 834 lores
329 809 504 834 amoenos
523 797 619 834 ferre
633 796 727 846 jube
746 808 862 841 rosae,

224 850 329 886 Dum
347 862 417 897 res,
438 856 476 888 et
495 856 610 897 aetam,
627 855 665 888 et
680 862 849 888 sororum

285 904 367 941 Fila
379 904 494 942 trium
513 904 711 954 patiuntur
731 908 826 942 atra.

182 957 302 994 Cedes
322 957 477 995 coemtis
497 957 666 1002 saltibus,
687 961 725 995 et
744 958 869 1001 domo,

170 1010 357 1060 Villaque,
379 1011 496 1048 flavus
516 1023 628 1060 quam
650 1010 797 1048 Tiberis
817 1010 908 1048 lavit
925 1023 933 1047 :

230 1064 350 1101 Cedes
366 1078 374 1107 ;
406 1068 444 1102 et
464 1064 664 1102 exstructis
683 1064 724 1101 in
743 1064 861 1102 altum

282 1117 436 1155 Divitiis
456 1117 622 1167 potietur
640 1117 762 1155 heres.

176 1171 342 1208 Divesne
360 1171 482 1220 priseo
502 1175 613 1209 natus
633 1171 681 1208 ab
702 1171 854 1216 Inacho,

175 1225 239 1261 Nil
258 1224 428 1270 interest,
450 1237 498 1262 an
518 1236 661 1274 pauper
676 1228 714 1262 et
733 1224 862 1262 infima

228 1278 289 1314 De
306 1282 433 1326 gente,
455 1278 525 1315 sub
545 1277 633 1315 divo
651 1277 819 1323 moreris,

281 1331 445 1369 Victima
459 1331 513 1368 nil
532 1332 744 1369 miserantis
764 1331 870 1369 Orci.

178 1384 318 1423 Omnes
334 1385 465 1422 eodem
486 1385 656 1435 cogimur
675 1398 684 1423 :
715 1385 882 1423 omnium

178 1439 362 1478 Versatur
380 1439 488 1485 urna,
509 1439 638 1485 serius,
661 1439 764 1476 ocius

231 1492 319 1530 Sors
339 1492 499 1537 exitura,
521 1496 560 1530 et
578 1504 648 1530 nos
665 1491 706 1529 in
725 1496 921 1530 aeternum

282 1545 465 1583 Exsilium
485 1545 706 1595 impositura
724 1546 893 1597 cymbae.

299 1650 388 1688 ODE
409 1650 604 1689 1V.-Acl
619 1650 828 1690 Xanthiam
852 1649 1040 1689 Phoceum.

180 1731 216 1767 N
218 1741 243 1767 Ε
262 1730 311 1768 sit
330 1730 486 1768 ancillae
505 1730 576 1769 tibi
595 1743 698 1768 amor
716 1731 866 1780 pudori,

177 1784 344 1822 Xanthia
359 1784 525 1821 Phoceu.
583 1783 689 1821 Prius
708 1784 933 1823 insolentem

180 1838 296 1875 Serva
317 1837 456 1875 Briseis
475 1838 587 1876 niveo
605 1838 730 1875 colore

390 1890 513 1928 Movit
533 1890 732 1928 Achillem.

180 1943 302 1983 Movit
317 1944 473 1995 Ajacem
495 1943 701 1982 Telamone
721 1948 854 1982 natum

179 1997 315 2036 Forma
334 1998 505 2047 captiva-e
524 1998 719 2035 dominum
736 1998 957 2036 Tecmessae
973 2011 980 2035 :

181 2051 286 2089 Arsit
306 2051 462 2090 Atrides
481 2051 606 2089 medio
624 2053 664 2089 in
684 2051 877 2102 triumpho

394 2104 554 2153 Virgine
573 2113 693 2154 rapta,

183 2157 374 2195 Barbarae
391 2163 593 2207 postquam
613 2159 781 2196 cecidere
799 2163 959 2203 turmae,

180 2211 361 2249 Thessalo
380 2211 534 2257 victore,
556 2217 594 2250 et
609 2212 781 2250 ademtus
795 2211 943 2251 Hector

184 2264 360 2303 Tradidit
378 2265 483 2302 fessis
497 2264 639 2303 leviora
654 2265 737 2303 tolli

397 2317 582 2369 Pergama
603 2318 741 2356 Graiis.

181 2383 339 2422 Nescias
359 2396 408 2423 an
426 2389 465 2422 te
483 2397 667 2434 generum
688 2385 788 2424 beati

184 2437 367 2488 Phyllidis
386 2437 504 2477 flavae
522 2439 701 2477 decorent
721 2441 896 2489 parentes
916 2452 925 2476 ;

633 2505 718 2544 (32

1230 313 1254 350 ἐκ

1207 579 1257 618 10

1242 1943 1264 1978 ζῆ

1215 2212 1265 2248 10
