1414 2666
157 175 208 215 36

607 184 821 213 GARMINUM
847 185 892 212 11.

264 282 396 321 Parthi
412 296 421 329 ;
451 288 601 320 catenas
621 282 793 328 Parthus,
815 288 854 320 et
874 282 1011 320 Italum

315 336 452 374 Robur
471 349 480 375 t
511 336 578 374 sed
595 337 797 385 improvisa
815 337 878 373 leti

367 390 437 428 Vis
455 390 582 440 rapuit
599 391 794 441 rapietque
811 395 955 439 gentes.

262 445 387 490 Quam
407 457 526 494 paene
539 443 669 481 furvae
687 457 807 493 regna
827 443 1074 492 Proserpinae

262 498 314 536 Et
328 497 564 547 judicantem
583 498 744 535 vidimus
763 498 944 541 Aeacum,

315 551 506 601 Sedesque
525 552 706 589 discretas
723 552 882 601 piorum.
905 556 943 588 et

370 605 512 642 Aeoliis
531 605 668 642 fidibus
687 610 904 654 querentem

262 659 413 709 Sappho
430 659 564 709 puellis
583 659 631 696 de
648 658 904 709 popularibus,
928 682 944 691 a

260 712 312 752 Et
330 719 368 750 te
387 718 583 750 sonantem
603 712 753 762 plenius
771 725 897 757 aureo,

317 766 468 812 Alcaee,
488 767 634 816 plectro
653 766 749 803 dura
767 766 886 810 navis,

371 819 482 857 Dura
498 820 611 868 fugae
630 819 739 864 mala,
762 819 857 855 dura
875 819 966 856 belli
988 819 997 857 1

264 873 478 922 Utrumque
497 885 602 910 sacro
621 873 738 921 digna
756 872 907 910 silentio

263 925 455 964 Mirantur
474 926 629 964 umbrae
647 926 772 964 dicere
788 939 796 964 ε
819 927 891 963 sed.
903 927 1022 976 magis

317 980 471 1029 Pugnas
490 986 529 1018 et
548 986 700 1018 exactos
718 985 915 1030 tyrannos,

363 1034 535 1071 Densum
553 1034 729 1079 humeris,
750 1033 847 1072 bibit
866 1046 956 1072 aure
976 1033 1125 1083 vulgus.

260 1088 365 1133 Quid
384 1088 520 1125 mirum
539 1087 558 1125 P
587 1088 662 1133 ubi,
681 1087 756 1125 illis
770 1088 997 1126 carminibus
1015 1094 1181 1137 stupens,

258 1142 441 1180 Demittit
461 1148 561 1179 atras
580 1141 708 1178 bellua
727 1141 916 1192 centiceps

315 1195 450 1241 Aures,
472 1201 510 1234 et
528 1195 662 1233 intorti
681 1195 824 1244 capillis

363 1247 617 1286 Eumenidum
632 1254 850 1287 recreantur
868 1261 1009 1297 angues
1025 1262 1034 1286 :

261 1302 365 1347 Quin
385 1309 423 1340 et
444 1303 691 1340 Prometheus
710 1308 749 1340 et
769 1302 920 1352 Pelopis
938 1315 1073 1352 parcns

260 1356 375 1394 Dulci
394 1357 564 1393 laborum
584 1356 771 1406 decipitur
791 1369 910 1400 sono3

312 1410 394 1447 Nec
413 1416 522 1448 curat
543 1410 665 1447 Orion
682 1410 810 1447 leones

367 1464 450 1502 Aut
469 1464 622 1502 timidos
641 1463 787 1513 agitare
805 1463 946 1513 lyncas.

449 1581 539 1620 Onn
561 1580 792 1619 XIV.-Acl
806 1580 1040 1619 Postumum.

260 1685 381 1723 Eum
401 1686 409 1724 1
440 1687 604 1736 fugaces,
625 1686 818 1731 Postume,
840 1685 1032 1732 Postume,

260 1739 461 1778 Labuntur
480 1740 569 1778 anni
588 1754 596 1785 ;
627 1753 696 1777 nec
714 1740 834 1789 pietas
853 1752 995 1777 moram

311 1793 436 1843 Rugis
455 1799 493 1833 et
511 1794 668 1832 instanti
687 1799 860 1831 senectae

366 1848 522 1894 Afferet,
543 1848 822 1896 indomitaeque
841 1847 952 1885 morti
968 1860 976 1884 ε

256 1901 357 1944 Non,
378 1902 409 1937 si
427 1902 598 1945 trecenis,
620 1905 808 1950 quotquot
827 1905 919 1939 eunt
938 1901 1030 1944 dies,

258 1954 400 2000 Amice,
421 1955 542 2004 places
561 1954 854 1991 illacrimabilern

315 2007 474 2046 Plutona
490 2008 608 2046 tauris
629 2020 637 2052 ;
668 2007 734 2057 qui
751 2012 809 2045 ter
827 2007 993 2057 amplum

363 2061 568 2112 Geryonen
589 2061 806 2110 Tityonque
824 2061 925 2099 tristi

258 2115 470 2164 Compescit
488 2115 602 2161 unda,
618 2115 759 2152 scilicet
777 2115 962 2160 omnibus,

260 2169 499 2219 Quicumque
518 2174 640 2207 terrae
658 2180 814 2205 munere
831 2168 1027 2214 vescimur,

312 2222 571 2272 Enaviganda,
592 2223 669 2260 sive
687 2234 806 2271 reges,

363 2276 449 2314 Sive
467 2277 598 2327 inopes
617 2276 754 2313 erimus
775 2275 910 2313 coloni.

258 2329 415 2369 Frustra
434 2336 592 2369 cruento
611 2330 736 2368 Marte
751 2329 970 2374 carebimus,

258 2382 477 2433 Fractisque
495 2384 599 2422 rauci
617 2383 794 2421 fluctibus
816 2382 986 2420 Hadriae
1003 2396 1012 2421 :

308 2436 464 2476 Frustra
482 2450 548 2488 per
568 2443 770 2476 autumnos
789 2443 989 2474 nocentem

1289 388 1340 426 20

1288 655 1339 694 25

1288 925 1340 963 30

1286 1194 1337 1231 35

1287 1461 1338 1498 40

1285 2169 1335 2206 10

1283 2435 1333 2474 15
