1414 2666
98 210 147 244 33
399 206 443 244 P.
476 207 725 246 VIRGILH
755 209 1018 248 MAROMS
1183 208 1293 261 [Lm.

99 314 128 351 εἶ
135 326 234 363 unge
253 325 378 363 pareS,
399 320 438 351 et
457 327 551 364 coge
570 317 732 364 gradum
752 317 927 354 conferre
940 316 1147 366 juvencos:

101 367 234 416 Atque
253 368 330 405 illis
343 366 427 416 jam
448 380 546 417 saepe
564 377 659 406 rotae
678 371 868 408 ducantur
887 371 1022 408 inanes
1221 370 1296 410 170

100 421 178 457 Per
197 427 353 466 terram,
375 427 413 458 et
433 435 581 459 summo
599 425 764 473 vestigia
783 425 944 473 pulvere
964 424 1117 473 signent
1125 439 1135 468 3

100 474 196 511 Post
216 474 343 511 valido
363 475 491 512 nitens
510 477 580 512 sub
598 478 767 525 pondere
786 478 942 526 faginus
960 479 1046 515 axis

101 527 309 576 Instrepat‚
333 534 371 564 et
394 527 553 575 junctos
574 536 676 567 temo
694 532 822 569 trahat
841 544 963 569 aereus
983 532 1109 568 orbes.

101 581 257 618 Interea
276 582 370 629 pubi
390 583 587 620 indomitae
606 596 683 620 non
702 586 878 633 gramina
897 591 1061 629 tantum,

100 635 187 672 Nec
207 647 339 671 vescas
359 636 518 673 salicum
537 636 692 674 frondes
714 638 919 687 ulvamque
939 638 1160 687 palustrem,
1221 636 1294 677 175

104 689 180 725 Sed
200 688 394 725 frumenta
413 702 530 727 manu
549 703 682 739 carpes
702 699 795 728 sata.
851 692 936 729 Nec
955 692 1028 728 tibi
1047 691 1136 728 fetae

103 742 215 778 More
234 748 389 790 patrum
410 744 525 780 nivea
544 744 760 792 implebunt
780 746 1004 782 mulctraria
1023 757 1162 790 vaccae,

103 795 177 832 Sed
196 801 277 831 tota
296 795 336 831 in
357 796 487 833 dulces
510 805 735 835 consument
757 800 876 835 ubera
895 804 1020 836 natos.

157 848 225 886 Sin
245 849 295 885 ad
314 849 414 886 bella
433 851 557 899 magis
577 852 747 888 studium
767 859 993 900 turmasque
1011 850 1169 898 feroces,

102 902 184 938 Aut
206 901 360 949 Alphea
379 904 474 940 rotis
495 905 654 952 praelabi
673 905 835 942 flumina
854 904 964 950 Pisae,
1222 906 1297 942 180

99 955 152 992 Et
172 955 288 992 Jovis
308 955 349 991 in
370 956 456 993 luco
476 969 612 995 currus
633 958 780 1006 agitare
800 959 991 996 volantes:

99 1009 256 1046 Primus
275 1009 364 1057 equi
384 1009 491 1047 labor
510 1017 568 1048 est
587 1012 735 1049 animos
755 1018 870 1061 atque
885 1025 991 1049 arma
1010 1013 1144 1050 videre

99 1063 331 1107 Bellantum‚
354 1063 548 1113 lituosque
566 1066 658 1113 pati,
680 1072 884 1114 tractuque
903 1073 1121 1115 gementem

99 1116 220 1153 Ferre
238 1122 374 1162 rotam,
396 1125 434 1154 et
455 1119 605 1155 stabulo
624 1118 754 1156 frenos
775 1120 908 1156 audire
928 1126 1106 1157 sonantes
1114 1134 1124 1163 ;

100 1170 203 1207 Tum
226 1170 347 1217 magis
367 1177 482 1219 atque
497 1172 619 1220 magis
635 1173 786 1209 blandis
801 1174 970 1222 gaudere
984 1173 1161 1222 magistri
1220 1174 1294 1211 185

98 1223 310 1267 Laudibus,
332 1230 371 1260 et
390 1225 533 1273 plausae
553 1226 721 1262 sonitum
742 1227 905 1263 cervicis
925 1238 1065 1264 amare.

98 1276 232 1325 Atque
252 1276 332 1313 haec
346 1276 428 1325 jam
449 1279 584 1326 primo,
606 1280 789 1327 depulsus
809 1281 855 1316 ab
876 1281 994 1317 ubere
1014 1280 1162 1325 matris,

102 1331 266 1374 Audeat,
286 1329 404 1379 inque
425 1333 548 1370 vicem
568 1333 632 1369 det
653 1333 831 1370 mollibus
852 1346 918 1370 ora
938 1334 1115 1382 capistris

98 1385 312 1429 Invalidus,
334 1385 526 1434 etiamque
543 1392 721 1430 tremens,
744 1387 861 1424 etiam
880 1387 1026 1424 inscius
1046 1387 1132 1425 aevi.

99 1438 155 1474 At
176 1438 300 1474 tribus
320 1439 469 1475 exactis
491 1440 556 1475 ubi
577 1446 714 1487 quarta
733 1441 936 1477 accesserit
957 1445 1079 1486 aestas,
1221 1442 1296 1478 190

99 1491 269 1541 Carpere
290 1505 381 1528 mox
400 1505 541 1541 gyrum
561 1493 722 1541 incipiat
741 1494 1005 1542 gradibusque
1025 1506 1162 1532 sonare

99 1544 344 1594 Compositis,
362 1547 566 1594 sinuetque
586 1547 734 1584 alterna
754 1547 952 1584 volumina
971 1560 1140 1592 crurum,

101 1598 236 1648 Sitque
255 1600 446 1637 laboranti
461 1601 614 1644 similis;
634 1608 718 1637 tum
737 1601 914 1638 cursibus
933 1613 1058 1646 auras,

99 1652 202 1689 Tum
223 1660 345 1698 vocet,
367 1666 410 1690 ac
426 1666 494 1701 per
514 1660 646 1703 aperta
666 1654 815 1699 volans,
835 1667 905 1691 ceu
925 1655 1023 1691 liber
1042 1655 1215 1700 habenis,

97 1706 288 1755 AEquora,
310 1708 379 1744 vix
400 1719 549 1744 summa
569 1708 734 1757 vestigia
754 1715 871 1756 ponat
892 1720 1024 1745 arena:
1219 1709 1293 1746 195

99 1759 235 1806 Qualis
255 1760 520 1811 Hyperboreis
541 1760 687 1808 Aquilo
707 1774 795 1798 eum
814 1762 955 1798 densus
975 1763 1023 1798 ab
1042 1762 1120 1799 oris

97 1813 294 1859 Incubuit,
318 1813 563 1864 Scythiaeque
582 1815 726 1852 hiemes
746 1821 862 1863 atque
877 1815 985 1852 arida
1004 1814 1134 1852 differt

97 1867 261 1904 Nubila:
286 1875 368 1904 tum
389 1876 537 1916 segetes
557 1868 643 1904 altae
663 1869 865 1916 campique
885 1875 1063 1906 natantes

96 1921 270 1958 Lenibus
289 1921 518 1958 horrescunt
539 1921 682 1965 flabris,
704 1933 940 1970 summaeque
958 1934 1134 1959 sonorem

97 1975 205 2012 Dant
224 1975 343 2019 silvae,
358 1975 540 2023 longique
562 1981 728 2024 urguent
748 1975 796 2011 ad
815 1975 929 2012 litora
948 1976 1106 2019 fiuctus3
1215 1977 1295 2012 200

97 2028 171 2065 Ille
191 2028 305 2073 volat,
329 2029 444 2064 simul
464 2041 556 2065 arva
576 2027 679 2077 fuga,
702 2028 816 2065 simul
836 2041 989 2077 aequora
1015 2041 1185 2067 verrens.

98 2080 176 2119 Hic
197 2082 259 2119 vel
278 2082 326 2119 ad
346 2082 433 2119 Elei
452 2088 573 2119 metas
594 2088 631 2119 et
650 2094 833 2119 maxuma
853 2083 980 2131 campi

99 2133 261 2173 Sudabit
280 2136 415 2184 spatia,
439 2142 477 2172 et
497 2147 652 2184 spumas
672 2142 760 2184 aget
779 2149 845 2173 ore
865 2141 1043 2173 cruentas
1051 2150 1062 2180 ;

97 2188 255 2238 Belgica
274 2190 336 2226 vel
355 2189 461 2225 molli
481 2189 618 2226 melius
637 2189 736 2226 feret
756 2189 890 2226 esseda
908 2189 1017 2227 collo.

99 2242 202 2279 Tum
221 2243 376 2279 demum
395 2255 523 2280 crassa
540 2254 723 2291 magnum
743 2243 939 2292 farragine
958 2255 1098 2292 corpus
1214 2245 1292 2281 205

98 2295 295 2341 Crescere,
317 2295 400 2343 jam
425 2297 591 2340 domitis,
611 2296 728 2333 sinito
736 2311 745 2339 ;
766 2309 932 2344 namque
952 2302 1042 2334 ante
1061 2297 1293 2335 domandum

96 2349 282 2398 Ingentes
300 2350 436 2387 tollent
457 2351 615 2393 animos,
638 2350 844 2398 prensique
864 2351 1063 2398 negabunt

95 2401 273 2441 Verbera
291 2403 396 2440 lenta
415 2404 506 2452 pati,
529 2410 566 2441 et
586 2404 694 2441 duris
713 2415 849 2453 parere
867 2403 1024 2452 lupatis.
