1475 2712
105 180 169 232 11.]
625 190 746 217 FAsn.

160 289 366 327 Lassabant
383 287 497 337 agiles
515 300 644 337 aspera
662 287 759 324 bella
778 287 890 323 viros.

109 343 199 380 Plus
218 347 298 380 erat
315 342 355 378 in
373 342 510 391 gladio,
531 354 641 391 quam
661 352 774 377 curvo
793 339 913 377 laudis
933 345 1059 378 aratro
1080 352 1088 382 ;

159 396 362 445 Neglectus
380 395 530 432 domino
550 407 666 444 pauca
685 394 826 432 ferebat
847 405 949 443 ager.

109 449 223 487 Farra
241 455 365 487 tamen
384 454 525 486 veteres
537 448 737 497 jaciebant,
757 447 855 484 farra
873 446 1063 485 metebant
1079 460 1087 483 :

161 502 347 540 Primitias
367 501 491 540 Cereri
510 502 607 539 farra
625 505 766 539 resecta
780 501 934 538 dabant.

110 555 247 594 Usibus
266 555 445 593 admoniti
462 556 619 592 fiammis
637 555 815 593 torrenda
832 554 969 592 dedere
984 566 992 590 :

159 610 354 658 Multaque
372 614 524 658 peccato
543 609 678 646 damna
696 609 816 646 tulere
835 620 912 645 suo.

106 663 204 700 Nam
222 663 333 700 modo
351 663 547 701 verrebant
561 663 687 711 nigras
706 674 773 711 pro
792 662 888 698 farre
905 660 1048 698 favillas
1064 674 1073 705 ;

158 717 269 754 Nunc
287 716 383 766 ipsas
400 716 479 764 igni
498 717 708 765 corripuere
727 728 838 752 casas.

106 769 221 808 Facta
239 771 308 807 dea
326 776 381 807 est
402 770 549 807 Fornax
565 783 573 808 ε
601 770 675 808 laeti
696 769 861 807 Fornace
879 768 1000 805 coloni

159 823 291 869 Orant,
311 830 353 861 ut
373 823 497 872 fruges
516 828 698 872 temperet
715 823 778 860 illa
798 835 892 860 suas.

104 876 217 914 Curio
235 877 409 926 legitimis
425 890 525 915 nunc
546 877 761 915 Fornacalia
780 876 900 913 verbis

158 930 342 968 Maximus
360 931 491 969 indicit
511 945 519 969 :
549 943 618 968 nec
637 937 734 969 stata
752 943 854 968 sacra
872 929 981 968 facit:

105 983 223 1033 Inque
239 985 331 1032 foro,
352 986 468 1022 multa
487 985 625 1022 circum
653 985 840 1034 pendente
859 983 1006 1029 tabella,

157 1038 335 1086 Signatur
353 1045 454 1077 certa
472 1039 574 1076 curia
591 1051 746 1088 quaeque
771 1045 874 1075 nota.

107 1090 302 1140 Stultaque
321 1106 403 1141 pars
423 1093 559 1142 populi,
576 1105 658 1142 quae
686 1092 733 1129 sit
752 1105 818 1128 sua
837 1091 949 1136 curia,
970 1092 1086 1129 nescit
1102 1104 1110 1134 ;

158 1144 232 1182 Sed
250 1145 338 1183 facit
357 1154 522 1184 extrema
540 1159 641 1183 saera
659 1146 776 1183 relata
795 1146 867 1182 die.

105 1246 174 1286 Est
192 1248 309 1285 honor
329 1253 366 1286 et
384 1249 548 1286 tumulis.
604 1248 759 1285 Animas
777 1248 922 1297 placate
941 1254 1123 1297 paternas,

158 1301 347 1351 Parvaque
364 1303 403 1339 in
422 1303 623 1340 exstinctas
642 1314 796 1338 munera
813 1302 906 1339 ferte
934 1314 1057 1352 pyras.

106 1354 226 1392 Parva
243 1361 376 1405 petunt
396 1356 554 1394 Manes:
583 1355 700 1405 pietas
719 1368 786 1404 pro
805 1355 920 1393 divite
938 1361 1045 1404 grata
1066 1362 1120 1392 est

158 1409 314 1446 Munere
330 1423 338 1447 ε
361 1422 436 1446 non
455 1410 582 1446 avidos
602 1409 697 1459 Styx
716 1409 828 1446 habet
847 1409 920 1445 ima
938 1410 1041 1446 deos.

108 1461 252 1511 Tegula
270 1463 448 1512 porrectis
468 1463 556 1500 satis
575 1469 630 1500 est
650 1463 771 1500 velata
790 1463 947 1508 coronis,

160 1516 210 1554 Et
229 1529 362 1566 sparsae
381 1517 517 1565 fruges,
538 1529 722 1566 parcaque
739 1516 832 1553 mica
851 1516 947 1559 salis,

106 1570 222 1618 Inque
242 1583 342 1607 mero
361 1571 502 1608 mollita
522 1570 644 1615 Ceres,
666 1570 846 1618 violaeque
865 1570 1004 1608 solutae.

156 1623 252 1661 Haec
267 1624 400 1662 habeat
419 1624 539 1661 media
557 1630 652 1662 testa
672 1624 800 1661 relicta
819 1623 890 1660 via.

105 1677 186 1714 Nec
204 1678 343 1726 majora
362 1683 446 1716 veto
463 1691 471 1715 :
501 1678 566 1714 sed
585 1682 622 1715 et
639 1677 696 1714 his
714 1677 903 1726 placabilis
922 1678 1052 1715 umbra
1071 1683 1137 1714 est.

159 1731 270 1768 Adde
287 1745 425 1781 preces,
446 1731 573 1779 positis
592 1736 630 1768 et
649 1744 714 1767 sua
731 1731 843 1767 verba
862 1731 964 1768 focis.

107 1783 221 1821 Hunc
240 1798 377 1822 morem
397 1785 541 1829 AEneas,
563 1784 711 1834 pietatis
728 1784 884 1821 idoneus
903 1790 1042 1830 auctor,

158 1838 301 1876 Attulit
317 1839 357 1875 in
378 1845 505 1881 terras,
521 1838 623 1887 juste
643 1838 787 1882 Latine,
811 1845 906 1875 tuas.

106 1890 174 1928 Ille
191 1892 306 1941 patris
326 1893 446 1929 Genio
464 1891 645 1928 sollennia
663 1892 761 1928 dona
779 1891 920 1930 ferebat
936 1906 944 1935 ;

158 1944 260 1983 Hine
279 1946 404 1995 populi
422 1945 515 1983 ritus
534 1945 717 1982 edidicere
734 1946 824 1994 pios.

106 1998 158 2035 At
176 2000 373 2047 quondam,
394 2000 483 2035 duni
502 1999 614 2048 longa
632 2008 770 2047 gerunt
788 1999 1020 2048 pugnacibus
1039 2001 1146 2037 armis·

157 2052 273 2096 Bella,
289 2053 496 2102 parentales
514 2053 708 2089 deseruere
727 2053 817 2089 dies.

105 2105 192 2143 Non
210 2106 360 2155 impune
377 2107 448 2144 fuit
463 2119 472 2143 ε
501 2118 587 2142 nam
604 2106 741 2143 dieitur
758 2106 881 2143 omine
899 2106 946 2143 ab
963 2105 1035 2143 isto

158 2160 279 2197 Roma
297 2158 517 2197 suburbanis
535 2159 730 2196 incaluisse
747 2159 860 2208 rogis.

106 2214 181 2251 Vix
200 2213 369 2261 equidem
388 2213 521 2257 oredo;
550 2213 670 2250 bustis
689 2213 806 2249 exisse
824 2213 1006 2258 feruntur,

157 2267 208 2305 Et
227 2267 349 2305 tacitae
369 2266 491 2316 questi
508 2271 675 2316 tempore
693 2267 814 2304 noctis
833 2266 906 2302 avi.

106 2321 252 2370 Perque
270 2321 346 2357 vias
363 2320 478 2365 urbis,
498 2319 700 2369 Latiosque
719 2320 879 2357 ululasse
897 2332 964 2369 per
983 2331 1091 2369 agros

159 2375 353 2411 Deformes
373 2374 523 2419 animas,
543 2373 678 2422 vulgus
696 2373 818 2418 inane,
838 2372 978 2411 ferunt.

105 2429 195 2467 Post
214 2441 257 2465 ea
275 2427 455 2476 praeteriti
473 2427 625 2465 tumulis
644 2427 853 2465 redduntur
871 2426 1051 2471 honores;

669 2480 706 2517 D

1223 178 1272 216 37

1197 499 1273 536 520

1194 1036 1271 1073 530

1195 1625 1271 1662 540

1194 1893 1269 1929 545

1192 2162 1269 2198 550
