1414 2666
178 151 230 190 30

632 158 850 187 CARMINUM
868 157 912 185 11.

285 256 453 307 Regium
472 260 576 294 certe
593 268 714 306 genus
733 259 771 294 et
789 259 945 305 penates

500 310 650 348 Moeret
664 310 826 360 iniquos.

288 364 412 402 Crede
431 376 509 400 non
528 364 631 401 illam
650 363 721 401 tibi
741 363 789 400 de
809 363 965 400 scelesta

284 418 396 456 Plebe
411 417 588 456 dilectam
607 430 617 462 ;
647 430 771 467 neque
789 416 841 454 sic
860 416 1023 461 fidelem,

279 472 342 509 Sic
361 472 467 509 lucro
487 483 666 517 aversam,
686 471 856 520 potuisse
874 469 979 507 nasci

495 525 623 563 Matre
640 524 831 574 pudenda.

283 578 458 624 Brachia,
479 583 518 617 et
536 579 698 624 vultum,
713 582 927 627 teretesque
949 589 1069 623 suras,

284 633 440 682 Integer
453 632 568 670 laudo
585 646 593 670 z
624 632 715 681 fuge
734 632 929 681 suspicari,

285 685 403 735 Cujus
418 690 594 725 octavum
612 685 819 736 trepidavit
839 689 942 724 aetas

500 740 689 777 Claudere
708 739 885 777 lustrum.

695 815 785 853 ODE
803 816 855 852 V.

282 897 465 934 NONDUM
485 896 642 933 subacta
660 896 758 933 ferre
771 895 910 944 jugum
933 894 1035 933 valet

290 950 457 996 Cervice,
479 950 650 987 nondum
669 949 799 986 munia
815 948 1000 999 comparis

341 1003 530 1053 Aequare,
551 1015 623 1041 nec
636 1003 738 1041 tauri
756 1002 902 1040 ruentis

387 1057 435 1095 In
450 1057 638 1095 Venerem
657 1057 819 1095 tolerare
838 1056 1001 1106 pondus.

289 1111 400 1149 Circa
417 1111 582 1149 virentes
602 1115 660 1149 est
679 1111 826 1148 animus
843 1114 932 1148 tuae

286 1165 449 1215 Campos
463 1165 664 1214 juvencae,
684 1177 787 1202 nunc
805 1164 930 1201 fluviis
949 1174 1103 1212 gravem

341 1219 506 1257 Solantis
522 1223 679 1264 aestum,
700 1231 803 1255 nunc
822 1218 863 1254 in
882 1217 960 1254 udo

392 1271 545 1310 Ludere
564 1284 651 1309 oum
665 1272 794 1309 vitulis
814 1271 945 1309 salicto

288 1326 599 1374 Praegestientis.
657 1325 767 1362 Tolle
787 1324 1003 1373 cupidinem

287 1379 446 1418 Immitis
465 1392 583 1416 uvae:
608 1378 686 1427 jam
702 1379 772 1417 tibi
786 1378 923 1415 lividos

340 1433 560 1481 Distinguet
579 1436 784 1470 autumnus
799 1444 966 1469 racemos

399 1487 596 1536 Purpureo
611 1487 736 1523 varius
753 1485 893 1523 colore.

290 1541 378 1579 Jam
398 1545 437 1579 te
457 1545 636 1589 sequetur
652 1553 660 1584 ;
692 1539 811 1577 currit
829 1539 929 1576 enim
948 1539 1055 1577 ferox

290 1596 419 1640 Aetas,
440 1598 479 1632 et
497 1594 565 1640 illi,
586 1606 679 1643 quos
698 1593 769 1631 t-ibi
789 1593 980 1638 demserit,

344 1649 524 1698 Apponet
543 1659 662 1684 annos
679 1661 687 1685 :
712 1646 794 1696 jam
812 1651 991 1697 proterva

391 1702 534 1739 Fronte
550 1706 655 1751 petet
675 1701 820 1749 Lalage
842 1700 1047 1744 maritum3

291 1756 456 1801 Dilecta,
478 1759 661 1804 quantum
680 1767 757 1791 non
778 1753 923 1791 Pholoe
941 1754 1070 1803 fugax,

292 1810 384 1847 Non
403 1808 553 1846 Chloris
573 1822 583 1853 ;
604 1809 690 1845 albo
705 1808 757 1845 sic
776 1808 934 1845 humero
953 1808 1090 1853 nitens,

348 1863 404 1901 Ut
422 1875 518 1912 pura
536 1866 724 1899 nocturno
744 1861 893 1899 renidet

398 1915 511 1953 Luna
529 1915 634 1960 mari,
657 1914 869 1951 Gnidiusve
889 1913 1031 1964 Gyges,

293 1970 418 2015 Quem
438 1970 468 2007 si
486 1968 697 2019 puellarum
716 1968 899 2005 insereres
918 1968 1045 2014 choro,

291 2024 390 2062 Mire
408 2035 560 2072 sagaces
578 2022 726 2060 falleret
740 2021 906 2071 hospites

349 2077 565 2115 Discrimen
584 2076 786 2113 obscurum
806 2074 940 2113 solutis

397 2131 588 2176 Crinibus,
612 2129 866 2179 ambiguoque
886 2128 1008 2167 vultu.

510 2221 600 2259 ODE
615 2219 813 2259 VL--Ad
823 2219 1056 2270 Septimium.

295 2303 474 2347 Snpmm,
493 2301 620 2339 Gades
640 2300 790 2339 aditure
807 2312 968 2347 mecum,
981 2304 1020 2338 et

299 2356 545 2401 Cantabrum,
566 2355 762 2393 indoctum
771 2353 868 2403 juga
885 2353 984 2392 ferre
1001 2358 1144 2402 nostra,
1164 2359 1204 2394 et

301 2410 490 2448 Barbaras
510 2409 652 2460 Syrtes,
674 2408 739 2446 ubi
760 2407 895 2446 Maura
915 2419 1061 2459 semper

1315 248 1365 286 15

1316 517 1370 555 20

1348 1110 1371 1148 Q!

1323 1378 1375 1416 10

1324 1914 1377 1952 20
