1414 2666
137 204 190 241 40
433 202 479 240 P.
510 202 572 240 VI
578 201 758 241 RGILII
788 202 1017 242 MARONI
1023 203 1049 242 S
1220 201 1331 256 [Lm.

139 310 281 348 'Nonne
302 310 420 354 vides,
441 316 484 346 ut
504 316 585 347 tota
603 316 747 348 tremor
765 316 960 360 pertentet
978 323 1164 359 equorum
1250 313 1329 350 250

139 363 323 413 Corpora,
346 364 378 400 si
397 371 548 400 tantum
568 371 678 401 notas
697 365 790 401 odor
810 365 943 401 attulit
961 364 1104 402 auras?

138 418 201 455 Ac
220 430 346 466 neque
365 430 428 454 eos
442 417 525 465 jam
545 417 654 454 frena
674 419 814 463 virum,
836 430 960 466 neque
980 420 1144 455 verbera
1163 430 1276 464 saeva,

138 469 229 508 Non
250 471 396 520 scopuli
417 483 608 519 rupesque
627 483 731 508 cavae
751 479 868 520 atque
888 471 1038 520 objecta
1057 472 1255 510 retardant

138 523 330 569 Flumina,
352 532 548 573 correptos
569 525 672 561 unda
691 525 909 573 torquentia
930 531 1091 562 montes.

138 578 228 627 Ipse
248 578 328 614 ruit
347 578 557 627 dentesque
581 578 792 616 Sabellicus
812 580 967 615 exacuit
987 591 1063 624 sus,
1253 579 1332 616 255

137 631 190 668 Et
210 632 306 680 pede
327 632 544 680 prosubigit
562 638 716 676 terram,
738 632 852 669 fricat
871 633 1007 669 arbore
1027 638 1163 676 costas,

137 686 271 734 Atque
291 685 381 722 hinc
401 692 516 734 atque
535 685 642 722 illinc
661 686 841 723 humeros
861 686 908 722 ad
930 686 1087 723 volnera
1106 686 1234 722 durat.

139 737 244 784 Quid
257 738 428 787 juvenis,
450 751 633 787 magnum
653 739 715 775 cui
737 745 864 776 versat
884 740 923 775 in
944 739 1094 776 ossibus
1112 739 1244 788 ignem
1274 786 1279 790 .

138 793 271 829 Durus
291 791 420 829 amor?
476 792 626 840 Nempe
645 793 819 841 abruptis
840 794 996 829 turbata
1015 793 1194 841 procellis

136 845 264 883 Nocte
284 852 391 882 natat
411 857 511 882 caeca
530 858 638 882 serus
657 845 773 889 freta3
793 858 908 894 quem
927 858 1043 894 super
1061 847 1200 895 ingens
1253 847 1333 884 260

136 899 257 936 Porta
275 905 384 936 tonat
403 899 500 943 coeli,
522 906 559 936 et
580 900 745 947 scopulis
765 899 865 936 illisa
883 899 1095 937 reclamant

138 953 331 1000 AEquora3
360 965 431 989 nec
453 952 580 989 miseri
602 959 761 1000 possunt
781 965 963 990 revocare
982 959 1171 1001 parentes,

135 1006 221 1043 Nee
241 1007 429 1043 moritura
449 1018 563 1054 super
583 1006 729 1043 crudeli
747 1005 883 1043 funere
903 1007 1028 1055 virgo.

139 1060 244 1106 Quid
264 1060 396 1109 lynces
416 1059 560 1096 Bacchi
581 1060 698 1096 variae
717 1067 755 1096 et
774 1073 897 1109 genus
916 1072 1004 1097 acre
1022 1060 1202 1108 luporum

136 1113 271 1161 Atque
292 1126 431 1150 canum
448 1113 464 1150 Ρ
484 1114 586 1161 quid,
608 1125 694 1162 quae
715 1114 889 1150 imbelles
907 1114 1000 1150 dant
1017 1114 1153 1162 proelia
1172 1113 1279 1152 cervi
1296 1113 1314 1151 Ρ

140 1167 297 1204 Scilicet
316 1173 405 1204 ante
425 1179 556 1203 omnes
576 1166 684 1203 furor
703 1173 760 1204 est
780 1167 944 1216 insignis
965 1179 1167 1215 equarum3
1253 1168 1332 1205 266

135 1220 189 1257 Et
207 1227 374 1257 mentem
396 1220 532 1257 Venus
552 1220 636 1268 ipsa
655 1221 771 1265 dedit,
793 1233 870 1268 quo
887 1228 1060 1269 tempore
1082 1219 1225 1259 Glauci

136 1274 347 1311 Potniades
368 1274 477 1311 malis
497 1275 669 1310 membra
688 1275 908 1312 absumsere
928 1275 1137 1323 quadrigae.

137 1327 230 1364 Illas
250 1328 358 1364 ducit
377 1341 484 1364 amor
503 1333 610 1364 trans
632 1326 810 1377 Gargara
830 1335 1013 1376 transque
1033 1334 1234 1366 sonantem

135 1382 370 1425 Ascanium3
388 1387 573 1430 superant
592 1389 740 1418 montes
760 1388 798 1418 et
817 1381 978 1418 flumina
996 1387 1164 1418 tranant.
1251 1380 1333 1421 270

137 1434 422 1482 Continuoque,
444 1435 568 1471 avidis
589 1435 654 1471 ubi
675 1435 829 1471 subdita
847 1435 1002 1471 flamma
1023 1435 1212 1482 medullis,

135 1487 242 1525 Vere
261 1489 397 1537 magis,
417 1489 508 1537 quia
528 1500 618 1525 vere
639 1488 742 1525 calor
761 1489 862 1525 redit
881 1489 1042 1534 ossibus,
1063 1488 1140 1525 illoe

139 1541 217 1579 Ore
237 1555 368 1579 omnes
390 1553 511 1579 Versae
531 1541 570 1577 in
592 1541 815 1591 Zephyrum
835 1547 939 1579 stant
957 1543 1121 1591 rupibus
1141 1542 1242 1589 altiS,

135 1595 434 1644 Exceptantque
454 1596 558 1632 leves
577 1608 708 1639 auras3
728 1601 767 1632 et
786 1608 887 1644 stcpe
907 1596 990 1632 sine
1010 1597 1098 1633 ullis

137 1648 342 1698 Conjugiis
362 1656 478 1686 vento
496 1650 900 1698 g1·avidae—n1irabile
919 1650 1079 1686 dictu—
1253 1648 1331 1688 275

137 1703 241 1740 Saxa
261 1716 331 1751 per
350 1710 388 1740 et
406 1703 582 1752 scopulos
602 1710 639 1740 et
659 1704 858 1751 depressas
877 1703 1071 1740 convalles

136 1756 371 1805 Diffugiunt,
395 1769 482 1802 non,
503 1757 620 1802 Eure,
643 1763 739 1802 tuos,
762 1769 886 1805 neque
906 1757 995 1793 solis
1015 1757 1064 1793 ad
1081 1762 1200 1802 ortus,

135 1810 183 1847 Iu
205 1810 358 1847 Borean
380 1810 640 1858 Caurumque,
662 1817 728 1846 aut
750 1812 850 1846 unde
870 1811 1103 1858 nigerrimus
1124 1810 1273 1848 Auster

135 1861 334 1908 Nascitur,
356 1870 393 1900 et
414 1864 547 1912 pluvio
567 1864 769 1900 contristat
789 1863 932 1912 frigore
952 1864 1102 1900 coelum.

139 1917 217 1954 Hic
237 1918 404 1962 demum,
425 1918 676 1966 hippomanes
696 1930 788 1953 vero
808 1918 910 1965 quod
929 1919 1085 1954 nomine
1103 1917 1239 1955 dicunt
1251 1918 1330 1955 280

136 1971 330 2015 Pastores,
350 1970 498 2007 lentum
519 1970 686 2007 destillat
707 1971 754 2007 ab
773 1971 936 2020 inguine
953 1971 1073 2015 virus,

138 2024 416 2073 Hippomanes,
437 2024 539 2073 quod
558 2036 658 2073 saepe
677 2024 785 2061 malae
806 2025 936 2073 legere
955 2036 1143 2070 novercae,

136 2078 462 2126 Miscueruntque
481 2078 622 2115 herbas
641 2084 680 2114 et
699 2090 774 2114 non
795 2078 957 2115 innoxia
977 2080 1106 2116 verba.

194 2132 270 2169 Sed
289 2131 391 2180 fugit
410 2132 567 2176 interea,
588 2132 692 2180 fugit
710 2131 961 2180 irreparabile
980 2138 1144 2182 tempuS,

137 2184 298 2233 Singula
318 2186 410 2221 dum
428 2185 531 2234 capti
550 2186 897 2222 circumvectamur
915 2198 1056 2223 amore.
1251 2185 1328 2222 285

137 2239 224 2275 Hoc
243 2239 336 2275 satis
355 2239 551 2276 armentis.
610 2238 772 2287 Superat
791 2252 880 2287 pars
898 2239 1018 2276 altera
1037 2250 1150 2285 curae,

135 2291 349 2340 Lanigeros
369 2294 516 2341 agitare
535 2305 673 2341 greges
692 2293 890 2340 hirtasque
910 2292 1086 2341 capellas.

136 2345 215 2382 Hic
235 2346 358 2389 lab0r3
379 2347 468 2383 hinc
488 2346 640 2383 laudem
658 2345 777 2383 fortes
796 2355 947 2394 sperate
966 2346 1102 2383 coloni.

135 2398 221 2435 Nec
241 2411 325 2435 sum
345 2400 463 2436 animi
482 2400 633 2445 dubius,
656 2400 785 2437 verbis
805 2412 849 2436 ea
869 2400 1024 2437 vincere
1043 2411 1227 2449 magnum

137 2450 263 2496 Quam
283 2453 344 2498 sit,
366 2458 405 2490 et
424 2453 598 2502 angustis
614 2454 716 2490 hunc
736 2453 874 2491 addere
893 2454 1009 2491 rebus
1030 2453 1230 2496 honorem3
