1414 2666
184 170 234 209 18
644 180 835 208 muamus
853 179 882 207 1.

180 278 269 317 Non
289 278 367 328 opis
385 281 441 316 est
458 282 618 321 nostrae,
633 277 746 322 Dido,
763 290 831 315 nec
849 276 1032 327 quidquid
1043 278 1180 329 ubique
1194 285 1249 318 est
1267 279 1344 319 605

181 332 315 370 Gentis
334 331 560 376 Dardaniae,
579 343 754 380 magnum
773 344 868 380 quae
883 343 1008 379 sparsa
1026 344 1093 382 per
1110 333 1252 371 orbem.

182 386 235 423 Di
253 386 333 431 tibi,
354 386 384 423 si
402 397 474 433 qua
487 385 568 435 pios
586 389 797 433 respectant
811 385 974 430 numina,
996 385 1025 422 si
1044 386 1135 435 quid

184 439 350 489 Usquam
368 439 513 488 justitia
531 443 600 481 est,
619 443 658 476 et
670 451 774 475 mens
792 438 861 475 sibi
881 439 1027 476 conscia
1045 440 1148 483 recti,

182 493 351 530 Praemia
370 492 484 541 digna
501 492 635 530 ferant.
691 492 799 537 Quae
816 497 855 530 te
872 498 948 530 tam
967 493 1066 531 laeta
1083 494 1251 533 tulerunt

183 546 338 584 Saecula
356 546 374 583 Ρ
402 546 463 595 qui
482 546 578 584 tanti
597 545 708 583 talem
722 558 886 594 genuere
903 553 1075 597 parentes
1089 547 1109 584 ἰ)
1268 546 1346 586 610

182 600 229 636 In
247 600 342 638 freta
361 600 448 636 dum
466 599 569 636 fluvii
588 604 749 644 current,
770 599 858 636 dum
879 601 1068 638 montibus
1087 600 1241 638 umbrae

182 653 413 692 Lustrabunt
432 666 607 697 convexa,
628 652 735 702 polus
754 652 841 689 dum
866 653 987 690 sidera
1006 659 1143 703 pascet,

181 708 333 757 Semper
350 707 479 751 honos,
500 718 707 755 nomenque
725 712 847 752 tuum,
865 707 1068 756 laudesque
1087 709 1290 748 manebunt
1308 724 1315 753 ;

181 761 287 806 Quae
302 774 361 798 me
379 774 537 810 cumque
554 764 690 797 vocant
707 764 843 798 terrae.
899 761 960 798 Sic
976 761 1085 806 fatus,
1105 761 1262 799 amicum

180 815 320 852 llionea
338 814 433 864 petit
444 815 586 859 dextra,
607 814 785 863 laevaque
805 814 991 852 Serestum
1009 827 1018 858 ;
1268 816 1344 855 615

180 868 281 913 Post,
303 869 403 914 alios,
423 868 630 916 fortemque
651 867 773 916 Gyan,
790 867 997 916 fortemque
1018 867 1257 908 Cloanthum.

232 921 439 971 Obstupuit
457 921 576 970 primo
596 920 773 970 adspectu
795 920 947 958 Sidonia
968 921 1081 961 Dido.

179 975 276 1013 Casu
296 975 431 1012 deinde
449 975 518 1011 viri
538 979 643 1012 tanto
663 987 671 1018 ;
702 981 740 1012 et
758 974 810 1011 sic
827 987 890 1011 ore
908 974 1034 1013 locuta
1052 981 1106 1014 est
1124 990 1133 1014 :

179 1029 273 1075 Quis
292 1034 343 1075 te,
358 1035 446 1067 nate
464 1029 545 1072 dea,
566 1041 632 1077 per
651 1033 756 1066 tanta
774 1028 939 1076 pericula
956 1041 1062 1066 casus

177 1083 392 1133 Insequitur
405 1082 425 1120 ἶ)
444 1094 538 1130 quae
555 1083 610 1119 vis
628 1082 852 1119 immanibus
871 1082 1030 1131 applicat
1049 1083 1123 1121 oris
1138 1084 1157 1121 ἶ)
1266 1085 1344 1124 620

177 1137 285 1174 Tune
304 1137 365 1174 ille
383 1136 531 1173 Aeneas
549 1147 653 1183 quem
677 1135 870 1172 Dardanio
889 1136 1074 1174 Anchisae

175 1191 287 1228 Alma
307 1191 434 1227 Venus
458 1189 607 1238 Phrygii
622 1189 752 1238 genuit
773 1189 973 1226 Simoentis
992 1190 1036 1226 ad
1059 1191 1195 1228 undam
1212 1193 1232 1229 ἶ)

175 1246 302 1294 Atque
320 1244 490 1292 equidem
510 1243 695 1280 Teucrum
714 1242 864 1279 memini
884 1243 1027 1280 Sidona
1046 1244 1189 1287 venire,

179 1297 333 1335 Finibus
352 1297 543 1346 expulsum
566 1296 706 1346 patriis,
726 1309 823 1333 nova
842 1308 957 1345 regna
976 1303 1165 1346 petentem

179 1352 333 1388 Auxilio
356 1351 437 1388 Beli
455 1364 463 1389 :
493 1350 651 1387 Genitor
669 1355 749 1387 tum
769 1350 882 1387 Belus
901 1351 1061 1399 opimam
1265 1354 1341 1391 625

178 1405 360 1443 vastabat
380 1405 557 1455 Cyprum,
577 1409 616 1442 et
635 1404 754 1441 vietor
766 1403 910 1441 ditione
928 1405 1093 1443 tenebat.

177 1459 361 1508 Tempore
373 1458 451 1508 jam
471 1471 517 1495 ex
536 1457 600 1494 illo
619 1470 723 1494 casus
742 1457 831 1494 mihi
846 1458 1019 1507 cognitus
1039 1458 1141 1496 urbis

177 1513 371 1562 Trojanae,
392 1524 601 1561 nomenque
619 1516 737 1554 tuum,
757 1523 936 1560 regesque
953 1511 1113 1561 Pelasgi.

173 1567 256 1616 Ipse
274 1567 389 1604 hostis
411 1566 573 1603 Teucros
592 1565 729 1613 insigni
748 1565 857 1602 laude
874 1565 1027 1611 ferebat,

174 1621 296 1670 Seque
315 1626 438 1658 ortum
457 1620 610 1668 antiqua
625 1618 851 1656 Teucrorum
872 1619 919 1655 ab
937 1620 1053 1670 stirpe
1072 1621 1233 1660 volebat.
1263 1621 1341 1660 630

175 1675 302 1720 Quare
321 1674 433 1723 agite,
454 1686 487 1717 ο,
509 1673 629 1715 tectis,
643 1672 823 1722 juvenes!
855 1673 1041 1711 succedite
1059 1676 1209 1713 nostris.

171 1729 235 1766 Me
253 1740 398 1777 quoque
415 1739 481 1773 per
499 1728 635 1764 multos
654 1726 781 1763 similis
799 1726 949 1763 fortuna
967 1727 1111 1764 labores

167 1781 356 1820 ‚factatam
374 1781 444 1818 hac
463 1780 612 1817 demum
633 1779 750 1818 voluit
769 1780 970 1817 consistere
987 1786 1097 1818 terra.

172 1836 259 1873 Non
278 1835 408 1884 ignara
426 1834 513 1871 mali
530 1833 671 1870 miseris
689 1846 903 1870 succurrere
920 1833 1032 1871 disco.

170 1889 230 1928 Sic
249 1893 427 1926 memorat
449 1901 458 1926 :
489 1887 599 1924 simul
618 1887 773 1924 Aenean
791 1888 830 1923 in
850 1886 953 1935 regia
978 1888 1081 1926 ducit
1260 1889 1338 1929 635

170 1943 312 1987 Tecta;
341 1941 449 1979 simul
467 1940 590 1978 divom
610 1940 755 1990 templis
770 1940 901 1978 indicit
921 1939 1111 1979 honorem.

169 1997 251 2035 Neo
269 1996 392 2033 minus
410 1995 552 2033 interea
570 1994 678 2031 sociis
697 1994 745 2031 ad
759 1994 888 2031 littora
904 1995 1020 2033 mittit

168 2050 317 2100 Viginti
333 2055 471 2093 tauros,
494 2060 716 2096 magnorum
736 2048 925 2085 horrentia
939 2053 1088 2086 centum

170 2105 294 2153 Terga
312 2116 430 2147 suum,
451 2102 602 2152 pinguis
620 2107 770 2138 centum
790 2114 873 2139 eum
894 2102 1074 2141 matribus
1092 2117 1220 2154 agnos,

169 2159 328 2196 Munera
340 2157 595 2204 laetitiamque
612 2155 678 2192 dii.
1258 2159 1337 2198 640

166 2213 220 2250 At
239 2212 372 2248 domus
391 2209 546 2248 interior
562 2209 678 2258 regali
697 2208 891 2258 splendida
909 2209 1000 2246 luxu

166 2265 378 2308 Instruitur‚
399 2263 602 2312 mediisque
619 2269 750 2312 parant
765 2263 934 2300 convivia
951 2263 1073 2301 tectis.

167 2320 260 2357 Arte
279 2318 466 2356 laboratae
486 2323 614 2360 vestes,
632 2321 804 2365 ostroque
822 2317 1001 2366 superbo:

166 2373 304 2422 Ingens
323 2376 519 2419 argentum
536 2370 681 2409 mensis.
703 2370 917 2418 caelataque
933 2370 972 2406 in
990 2382 1082 2408 auro

167 2425 293 2467 Fortia
310 2425 408 2464 faeta
426 2430 584 2477 patrum,
606 2424 718 2463 series
737 2423 949 2475 longissima
962 2436 1097 2471 rerum,
1255 2427 1334 2466 645
