1414 2666
163 148 212 186 54
548 157 586 183 P.
614 157 737 185 ovmn
761 157 923 186 NASONIS

167 255 329 293 Dixerat
346 255 426 292 haec
446 255 597 292 Faunus
616 268 625 292 ε
654 268 720 304 par
735 261 791 294 est
809 255 995 293 sententia
1014 254 1105 294 Pici.

220 308 340 346 Deme
357 314 481 347 tamen
500 308 608 346 nobis
626 309 784 354 vincula,
806 308 917 346 Picus
936 308 998 346 ait.

165 362 312 412 Jupiter
329 362 402 399 huc
420 361 555 407 veniet,
575 361 697 400 valida
715 363 898 400 deductus
918 363 965 399 ab
983 375 1081 400 arce.

218 415 356 453 Nubila
374 415 542 464 promissi
561 415 657 466 Styx
674 416 765 453 mihi
783 416 890 454 testis
907 415 991 454 erit.

170 468 303 507 Emissi
321 469 409 517 quid
423 474 538 518 agant
550 469 700 519 laqueis,
721 481 803 519 quae
823 469 985 507 carmina
1001 468 1140 514 dicant,

221 523 378 572 Quaque
395 523 547 561 trahant
565 523 706 573 superis
725 523 874 561 sedibus
892 528 972 561 arte
985 522 1011 560 J
1013 535 1119 560 ovem
1138 536 1147 567 ;

167 576 268 614 Scire
285 576 387 614 nefas
403 576 558 614 homini.
612 577 730 614 Nobis
749 589 922 614 concessa
939 581 1130 623 canentur,

220 630 387 678 Quaeque
405 630 467 679 pio
484 630 556 668 dici
574 632 668 668 vatis
687 631 734 668 ab
752 643 815 668 ore
832 631 931 668 licet.

168 683 334 722 Eliciunt
352 684 443 721 coelo
462 688 510 730 te,
523 684 674 734 Jupiter
689 698 697 721 :
727 684 829 721 unde
847 684 1006 721 minores

219 737 331 774 Nunc
350 750 496 787 quoque
516 743 554 775 te
571 737 770 782 celebrant,
791 737 1024 787 Eliciumque
1041 742 1192 775 vocant.

170 790 327 829 Constat
346 791 542 828 Aventinae
561 791 755 828 tremuisse
773 791 963 828 cacumina
981 789 1107 840 sylvae,

224 844 407 892 Terraque
425 844 589 882 subsedit
607 845 773 893 pondere
788 856 913 894 pressa
926 844 952 882 J
954 844 1042 881 ovis.

170 898 294 935 Corda
313 898 450 935 micant
468 897 578 946 regis,
595 903 750 948 totoque
769 911 790 935 e
807 906 956 947 pectore
974 897 1125 946 sanguis

222 951 347 1000 Fugit,
368 957 405 989 et
424 951 575 989 hirsutae
593 951 780 1001 diriguere
799 964 926 989 comae.

173 1005 227 1043 Ut
246 1005 357 1043 rediit
376 1005 529 1049 animus,
552 1005 613 1042 Da
632 1013 734 1043 certa
751 1005 924 1055 piamina,
944 1004 1053 1050 dixit,

225 1058 416 1103 Fulminis,
427 1059 595 1096 altorum
616 1071 755 1108 rexque
769 1065 946 1108 paterque
961 1059 1073 1097 desim
1088 1072 1098 1104 3

173 1112 210 1150 Si
228 1118 293 1150 tua
312 1112 535 1161 contigimus
553 1113 724 1150 manibus
742 1112 896 1150 donaria
913 1113 1036 1162 puris;

223 1166 309 1203 Hoc
327 1178 484 1215 quoque,
506 1166 606 1216 quod
625 1167 776 1216 petitur,
797 1166 827 1203 si
844 1166 905 1216 pia
918 1166 1042 1214 lingua
1059 1173 1177 1217 rogat.

168 1220 314 1257 Annuit
333 1220 454 1258 oranti
469 1233 478 1257 :
508 1220 573 1257 sed
591 1232 716 1257 verum
731 1220 886 1268 ambage
904 1225 1046 1258 remota

224 1273 395 1318 Abdidit,
416 1278 454 1311 et
472 1273 586 1310 dubio
605 1273 738 1311 terruit
757 1285 821 1310 ore
838 1273 972 1310 virum.

149 1344 151 1346 ·
170 1325 283 1364 caede
301 1331 423 1376 caput,
444 1326 551 1365 dixit.
609 1326 680 1363 Cui
698 1339 776 1373 rex,
797 1326 1026 1374 Parebimus,
1046 1327 1170 1377 inquit
1191 1340 1200 1365 z

224 1380 412 1418 Caedenda
431 1386 486 1417 est
504 1379 620 1417 hortis
639 1385 745 1417 eruta
759 1392 848 1429 cepa
865 1380 968 1417 meis.

171 1434 332 1472 Addidit
350 1434 420 1479 hic,
442 1433 616 1470 Hominis
637 1446 645 1470 :
676 1446 848 1479 summos,
868 1433 921 1471 ait
938 1433 1012 1480 ille,
1032 1435 1196 1484 capillos.

226 1487 394 1526 Postulat
412 1487 472 1524 hic
491 1487 650 1524 animam
670 1500 678 1524 :
710 1487 770 1524 cui
789 1486 926 1533 Numa,
947 1487 1074 1534 Piscis,
1095 1489 1162 1527 ait·

174 1541 275 1580 Risit
294 1555 303 1585 ;
331 1546 379 1587 ct,
401 1541 468 1586 his,
487 1540 620 1590 inquit,
641 1540 752 1578 facito
771 1553 852 1578 mea
869 1541 944 1579 tela
960 1553 1145 1590 procures,

229 1595 263 1633 O
282 1595 338 1632 vir
357 1594 540 1644 colloquio
559 1607 636 1632 non
654 1595 838 1644 abigende
856 1594 992 1633 deam!

175 1649 250 1686 Sed
268 1649 347 1693 tibi,
368 1648 566 1698 protulerit
584 1661 668 1686 cum
685 1653 808 1687 totum
826 1648 1009 1687 crastinus
1027 1649 1153 1688 orbem

226 1702 423 1752 Cynthius,
441 1702 585 1751 imperii
603 1702 760 1752 pignora
779 1708 880 1740 certa
897 1702 1006 1740 dabo.

176 1756 297 1801 Dixit,
319 1761 356 1794 et
373 1756 512 1804 ingenti
532 1757 674 1794 tonitru
692 1768 802 1805 super
821 1756 963 1794 aethera
980 1761 1124 1795 motum

225 1810 369 1856 Fertur,
390 1810 606 1848 adorantem
624 1810 866 1858 destituitque
884 1809 1060 1848 Numam.

176 1863 243 1900 Ille
260 1864 358 1902 redit
375 1863 494 1908 laetus,
515 1869 767 1912 memoratque
787 1863 999 1908 Quiritibus
1018 1869 1111 1904 acta.

229 1917 354 1954 Tarda
371 1917 473 1954 venit
492 1916 600 1954 dictis
618 1917 847 1964 difficilisque
864 1916 968 1955 fides.

175 1972 228 2009 At
248 1976 346 2009 certe
365 1970 568 2015 credemur,
590 1969 656 2015 ait,
675 1970 706 2007 si
724 1971 837 2007 verba
855 1976 1027 2020 sequatur

230 2024 376 2063 Exitus.
431 2024 491 2061 En
511 2023 597 2060 audi
617 2023 788 2068 crastina,
808 2025 972 2073 quisquis
990 2026 1090 2063 ades.

178 2077 379 2116 Protulerit
396 2078 504 2115 terris
523 2090 607 2114 cum
625 2082 745 2115 totum
767 2077 953 2127 Cynthius
972 2079 1111 2126 orbem,

227 2132 376 2181 Jupiter
393 2131 539 2181 imperii
556 2131 714 2180 pignora
733 2136 835 2169 certa
852 2131 968 2170 dabit.

176 2184 388 2224 Discedunt
406 2185 521 2230 dubii,
541 2184 792 2234 promissaque
809 2185 916 2223 tarda
935 2186 1133 2226 videntur:

229 2238 502 2289 Dependetque
520 2238 611 2276 fides
629 2251 652 2276 a
669 2238 855 2276 veniente-
862 2239 937 2277 die.

176 2292 302 2330 Mollis
322 2298 401 2331 erat
419 2292 540 2338 tellus,
560 2298 756 2341 rorataque
773 2305 881 2330 mane
898 2294 1055 2343 pruina;

230 2347 331 2384 Ante
348 2346 405 2383 sui
422 2346 580 2396 populus
597 2346 725 2384 limina
743 2346 841 2396 regis
859 2347 979 2386 adest.

176 2398 320 2447 Prodit,
339 2405 378 2438 et
395 2400 436 2437 in
453 2399 546 2438 solio
564 2399 707 2438 medius
726 2399 893 2440 consedit
910 2413 1055 2442 acerne.

1225 148 1319 199 [nm.

1254 311 1331 349 320

1252 577 1329 615 325

1258 1114 1335 1152 335

1258 1383 1337 1422 340

1260 1652 1338 1691 345

1260 1921 1338 1961 350

1259 2189 1336 2227 355
