1475 2712
63 222 111 274 1.]
611 231 734 258 lusn-
1187 221 1237 257 ⁴21

68 328 203 366 Furius
221 328 417 378 antiquum
435 327 563 378 populi
582 333 776 377 superator
795 327 945 367 Etrusci

119 382 296 425 voverat,
318 388 355 420 et
375 381 452 420 voti
471 381 634 419 solverat
653 387 741 419 ante
759 382 884 419 fidem.

66 436 199 480 Causa,
220 436 321 485 quod
340 448 361 472 a
378 435 545 484 patribus
563 434 695 472 sumtis
713 441 914 474 secesserat
933 435 1043 473 armis

121 489 279 539 Vulgus,
298 494 336 527 et
354 488 433 538 ipsa
452 501 536 525 suas
554 488 678 525 Roma
695 488 852 526 timebat
871 501 972 538 opes.

64 542 186 580 Causa
204 555 332 580 recens
350 541 481 578 melior
501 555 509 579 z
536 552 663 590 passos
684 541 886 578 Germania
905 543 1024 580 crines
1158 540 1235 579 645

118 596 282 640 Porrigit
300 595 483 644 auspiciis,
503 595 582 631 dux
600 595 823 639 venerande,
844 596 930 633 tuis.

64 649 159 687 Inde
177 649 414 698 triumphatae
433 648 558 686 libasti
577 660 732 685 munera
750 649 885 696 gentis,

116 703 344 751 Templaque
360 701 488 746 fecisti,
509 713 619 750 quam
638 702 727 739 colis
746 703 836 750 ipse,
856 703 949 740 deae.

63 754 160 793 Haec
179 761 245 794 tua
263 755 457 793 constituit
474 755 639 803 genitrix
659 760 697 793 et
716 757 827 792 rebus
845 761 883 793 et
902 769 978 801 ara,

117 809 204 846 Sola
223 816 306 846 toro
325 809 452 857 magni
470 809 587 857 digna
605 814 754 858 reperta
771 809 796 846 J
800 810 890 847 ovis.
1161 806 1239 845 650

63 909 159 947 Haec
178 910 243 946 ubi
262 909 478 947 transierint
499 922 508 952 ;
541 909 782 959 Capricorno,
804 909 954 954 Phoebe,
976 910 1118 955 relicto,

116 962 188 1000 Per
202 963 351 1012 juvenis
371 976 497 1000 curres
516 963 624 1012 signa
642 964 810 1011 gerentis
830 976 975 1011 aquam.

62 1068 250 1116 Septimus
269 1067 357 1104 hinc
378 1067 514 1105 Oriens
533 1081 617 1105 cum
638 1081 676 1105 se
698 1068 888 1106 demiserit
903 1069 1025 1113 undis,

113 1120 289 1169 Fulgebit
309 1125 390 1158 toto
404 1121 483 1169 jam
505 1121 606 1171 Lyra
625 1121 730 1158 nulla
748 1121 849 1170 polo.

61 1224 190 1262 Sidere
209 1225 255 1260 ab
274 1224 355 1266 hoc,
378 1224 475 1272 ignis
494 1223 661 1261 venienti
680 1229 804 1269 nocte,
826 1223 965 1261 Leonis
1162 1225 1240 1263 605

113 1278 191 1322 Qui
211 1277 323 1315 micat
341 1278 380 1314 in
399 1277 523 1315 medio
541 1282 704 1326 pectore,
727 1289 869 1313 mersus
889 1278 971 1315 erit.

60 1382 134 1419 Ter
148 1387 280 1430 quater
300 1381 420 1419 evolvi
438 1382 631 1430 signantes
649 1385 819 1430 tempora
836 1381 963 1426 fastos,

110 1435 192 1473 Nec
212 1436 425 1473 Sementiva
444 1442 500 1472 est
516 1435 593 1472 ulla
611 1441 761 1484 reperta
780 1435 859 1472 dies
880 1449 888 1472 :

58 1488 152 1526 Cum
173 1489 274 1531 mihi,
296 1489 410 1526 sensit
430 1491 540 1532 enim,
562 1488 649 1524 Lux
668 1489 746 1525 haec
759 1488 949 1533 indicitur,
972 1490 1098 1538 inquit

106 1542 216 1579 Musa
232 1556 240 1585 ;
271 1542 362 1590 quid
379 1555 401 1578 a
418 1542 522 1579 fastis
541 1554 616 1578 non
626 1546 724 1578 stata
744 1554 847 1578 sacra
867 1543 962 1590 petis
977 1543 996 1579 ⁴?
1161 1542 1237 1580 660

60 1595 184 1644 thue
202 1595 281 1632 dies
300 1596 443 1632 incerta
459 1607 573 1638 sacro,
595 1595 648 1632 sic
665 1600 836 1643 tempora
854 1601 968 1640 certa,

108 1649 319 1687 Seminibus
333 1648 444 1697 jactis
464 1653 520 1686 est
536 1648 598 1685 ubi
616 1648 715 1685 fetus
734 1661 836 1697 ager.

55 1702 161 1741 State
181 1703 350 1740 coronati
369 1702 521 1750 plenum
536 1703 584 1739 ad
603 1714 769 1750 praesepe
782 1701 936 1750 juvenci
952 1716 960 1745 ;

107 1756 202 1793 Cum
221 1756 349 1804 tepido
370 1760 532 1792 vestrum
552 1768 638 1792 vere
657 1755 795 1792 redibit
814 1768 919 1803 opus.

57 1809 234 1847 Rusticus
254 1809 448 1846 emeritum
468 1809 553 1858 palo
573 1809 777 1858 suspendat
797 1814 962 1846 aratrum
984 1824 992 1853 3
1157 1811 1235 1849 665

106 1862 232 1900 Omne
250 1862 468 1900 reformidat
486 1863 624 1910 frigida
644 1862 777 1898 vulnus
797 1862 944 1900 humus.

52 1915 196 1961 Villice,
219 1916 268 1953 da
286 1916 451 1964 requiem
469 1921 590 1960 terrae,
610 1921 776 1953 semente
796 1921 947 1964 peracta
967 1931 975 1960 ;

107 1969 169 2006 Da
186 1969 361 2017 requiem,
381 1974 519 2006 terram
536 1970 597 2018 qui
617 1969 774 2013 coluere,
797 1969 898 2006 viris.

52 2023 176 2072 Pagus
194 2028 282 2071 agat
300 2023 436 2060 festum
456 2036 464 2060 ε
495 2035 633 2071 pagum
652 2022 821 2068 lustrate,
842 2023 976 2070 coloni,

106 2076 157 2114 Et
177 2077 265 2114 date
282 2076 438 2125 paganis
457 2089 582 2113 annua
600 2076 676 2112 liba
693 2076 798 2113 focis.
1158 2077 1235 2117 670

54 2129 256 2167 Placentur
274 2134 412 2166 matres
429 2129 579 2177 frugum
603 2129 805 2178 Tellusque
826 2129 1023 2179 Ceresque,

106 2182 222 2220 Farre
240 2195 307 2220 suo
325 2182 490 2230 gravidae
505 2182 777 2230 visceribusque
797 2183 885 2219 suis.

53 2236 227 2274 Officium
247 2248 441 2273 commune
461 2236 574 2272 Ceres
589 2243 627 2273 et
648 2236 765 2273 Terra
783 2241 959 2274 tuentur:

104 2289 201 2327 Haec
219 2290 360 2338 praebet
380 2301 526 2326 causam
545 2289 728 2338 frugibus,
746 2289 809 2327 illa
828 2290 965 2327 locum.

52 2342 255 2381 Consortes
273 2355 439 2392 operum,
461 2355 527 2391 per
546 2354 636 2390 quas
656 2347 823 2380 correcta
840 2349 1016 2389 vetustas,
1154 2344 1231 2384 675

105 2396 333 2445 Quernaque
351 2396 459 2443 glans
474 2396 573 2433 victa
592 2401 648 2434 est
668 2396 816 2433 utiliore
835 2396 940 2441 cib0;

52 2449 239 2499 Frugibus
258 2450 446 2487 immensis
465 2449 595 2487 avidos
614 2449 748 2487 satiate
767 2449 929 2495 colonos,
