1475 2712
540 193 750 222 CARMINUM
768 193 797 220 1.

398 289 487 328 om
505 288 755 327 xxv...-Ad
764 287 935 340 Lydiam.

179 379 353 419 PAROIUS
366 379 516 430 junctas
530 380 705 428 quatiunt
718 379 899 417 fenestras

181 433 323 472 Ictibus
341 433 479 471 crebris
491 432 649 482 juvenes
667 432 845 482 protervi,

179 487 262 525 Nec
279 487 350 526 tibi
368 498 517 524 somnos
537 486 708 525 adimunt
724 500 732 531 ;
763 490 937 533 amatque

335 539 456 578 Janua
474 539 599 585 limen,

183 594 292 640 Quae
309 593 411 643 prius
430 593 590 631 multum
610 593 729 631 facilis
748 592 924 630 movebat

179 646 373 685 Cardines.
429 646 552 684 Audis
571 647 694 684 minus
714 653 752 684 et
770 645 894 683 minus
906 643 985 694 jam
1002 657 1011 682 :

183 700 248 738 Me
266 706 333 738 tuo
347 700 478 748 longas
497 705 677 750 pereunte
696 705 837 746 noctes,

341 753 476 803 Lydia,
497 754 637 791 dormis
655 753 664 792 l

184 806 350 845 Invicem
369 807 541 844 moechos
561 820 654 845 anus
673 810 892 855 arrogantes

183 860 320 906 Flebis,
342 860 382 897 in
401 860 479 897 solo
496 861 588 898 levis
607 860 821 910 angiportu,

182 913 343 951 Thracio
360 914 568 952 bacchante
586 914 706 963 magis
726 914 796 951 sub
813 913 930 951 inter-

342 967 447 1004 lunia
465 972 580 1006 vento
601 982 609 1005 :

185 1019 281 1058 Cum
302 1019 373 1058 tibi
390 1021 554 1069 flagrans
574 1033 690 1067 amor,
712 1024 750 1058 et
767 1019 898 1066 libido,

187 1073 297 1119 Quae
316 1074 411 1111 solet
431 1079 568 1112 matres
583 1074 721 1111 furiare
740 1086 932 1123 equorum,

183 1126 334 1165 Saeviet
352 1127 450 1164 circa
463 1127 572 1176 jecur
589 1127 799 1165 ulcerosum
815 1140 824 1171 ;

346 1180 436 1217 Non
456 1181 536 1218 sine
553 1187 699 1229 questu,

188 1233 307 1272 Laeta
325 1233 426 1282 quod
445 1234 562 1282 pubes
581 1234 720 1271 hedera
739 1233 876 1271 virenti

189 1286 367 1325 Gaudeat
383 1287 487 1336 pulla
504 1288 624 1336 magis
642 1292 755 1335 atque
772 1291 917 1337 myrto;

187 1340 326 1379 Aridas
343 1341 509 1386 frondes,
528 1341 661 1378 hiemis
675 1339 808 1386 sodali,

352 1393 516 1432 Dedieet
536 1394 652 1432 Euro.

349 1485 439 1524 ODE
460 1483 726 1524 XXV1.—-De
746 1485 854 1524 Aelio
872 1484 1016 1523 Lamia.

191 1577 319 1615 Musm,
338 1578 491 1624 amicus,
513 1578 708 1616 tristitiam
728 1582 766 1616 et
785 1581 909 1615 metus

191 1630 356 1669 Tradam
374 1631 558 1681 protervis
576 1632 617 1668 in
636 1644 739 1669 mare
759 1631 951 1669 Creticum

248 1685 407 1723 Portare
424 1685 546 1722 ventis
562 1698 571 1729 ;
601 1686 681 1733 quis
700 1685 771 1722 sub
786 1685 906 1722 Arcto

301 1739 391 1776 Rex
410 1739 559 1787 gelidae
577 1743 769 1776 metuatur
787 1750 884 1784 orae,

195 1793 300 1840 Quid
321 1792 529 1830 Tiridatem
545 1796 697 1836 terreat,
720 1792 830 1828 unice

196 1847 368 1885 Securus.
426 1845 461 1882 Ο
482 1857 578 1894 quae
595 1845 765 1882 fontibus
780 1843 939 1893 integris

251 1899 416 1946 Gaudes,
437 1899 580 1948 apricos
598 1903 707 1936 necte
725 1898 847 1944 flores,

306 1953 429 1990 Necte
447 1964 532 1990 meo
551 1952 706 1989 Lamiae
725 1963 913 1997 coronam,

201 2007 362 2057 Pimplei
380 2006 500 2043 dulcis
520 2005 529 2043 1
559 2006 613 2043 nil
633 2005 713 2043 sine
731 2012 770 2044 te
787 2004 863 2042 mei

203 2061 368 2099 Possunt
384 2059 558 2097 honores.
614 2058 732 2096 Hunc
749 2058 887 2096 fidibus
906 2059 1025 2104 novis,

253 2114 372 2152 Hunc
390 2112 528 2150 Lesbio
547 2125 693 2150 sacrare
710 2112 855 2162 plectro

312 2166 444 2216 Teque
462 2173 622 2215 tuasque
641 2166 751 2203 decet
770 2177 929 2203 sorores.

391 2257 482 2296 ODE
510 2256 803 2295 XXVII...qu
818 2257 982 2296 Sodales.

201 2352 327 2390 NATIS
344 2350 384 2388 in
401 2362 510 2388 usum
530 2349 696 2389 laetitiae
713 2349 862 2400 scyphis

202 2405 373 2456 Pugnare
392 2404 580 2443 Thracum
601 2409 679 2444 est:
709 2403 832 2444 tollite
849 2403 1049 2445 barbarum

1207 173 1256 211 19

1234 589 1258 625 ζ)

1212 856 1261 894 10

1216 1125 1265 1161 15

1217 1392 1269 1430 20

1226 2059 1333 2097 10χ
