1475 2712
515 211 666 240 CARMIN
671 212 726 239 ΠΜ
744 211 795 238 1v.

185 308 360 356 Luetere,
382 309 499 347 multa
518 312 671 356 proruet
689 308 880 357 integrum

241 363 338 401 Cum
355 363 466 400 laude
484 361 676 407 victorem,
697 367 879 410 geretque

299 417 444 454 Proelia
464 415 686 464 conjugibus
705 415 905 464 loquenda.

190 469 413 519 Carthagini
427 469 508 518 jam
528 481 604 506 non
623 481 695 516 ego
715 468 869 506 nuntios

188 523 340 562 Mittam
359 523 537 572 superbos
551 536 559 559 :
572 522 731 567 ⁴oceidit,
753 522 891 559 occidit

237 577 330 625 Spes
350 576 480 620 omnis,
502 581 541 613 et
560 575 710 613 fortuna
730 575 848 613 nostri

291 629 474 675 Nominis,
498 629 738 666 Hasdrubale
757 630 971 666 interemto.

181 683 246 721 Nil
266 684 444 722 Claudiae
463 696 540 720 non
558 682 753 732 perficient
773 694 914 727 manus,

179 739 287 784 Quas
307 743 344 775 et
366 737 528 786 benigno
547 737 701 773 numine
719 735 871 784 Jupiter

235 791 428 835 Defendit,
450 797 488 828 et
507 803 618 827 curae
638 802 790 838 sagaces

284 844 504 894 Expediunt
523 857 589 894 per
609 849 720 881 acuta
739 842 840 880 belli.

410 924 499 962 OD&
518 923 689 962 V.—A<z
706 924 927 973 Auyustum.

180 1003 297 1040 Divis
318 1011 400 1042 orte
420 1004 539 1049 bonis,
562 1005 704 1053 optime
725 1003 913 1040 Romulae

179 1057 320 1094 Custos
340 1058 477 1106 gentis,
500 1059 587 1095 abes
601 1057 680 1106 jam
701 1057 857 1093 nimium
878 1055 944 1093 diu
964 1069 973 1093 ι

188 1110 383 1148 Maturum
401 1112 564 1149 reditum
580 1111 765 1160 pollicitus
787 1110 942 1148 Patrum

284 1164 421 1201 Sancto
443 1165 611 1209 coneilio,
634 1165 726 1201 redi.

179 1216 321 1254 Lucem
340 1217 457 1254 redde
477 1223 577 1262 tuae,
600 1218 690 1254 Dux
710 1218 819 1261 bone,
841 1216 984 1265 patriae
1007 1229 1015 1253 ε

175 1270 300 1308 Instar
321 1272 426 1315 veris,
448 1272 559 1316 enim,
581 1272 707 1308 vultus
727 1271 792 1307 ubi
811 1275 900 1308 tuus

177 1323 332 1362 Affulsit
350 1325 502 1373 populo,
522 1325 666 1373 gratior
684 1325 715 1361 it
735 1324 827 1369 dies,

283 1377 334 1415 Et
348 1379 443 1415 soles
458 1378 590 1415 melius
609 1378 743 1415 nitent.

191 1430 246 1468 Ut
266 1435 385 1469 mater
397 1431 588 1480 juvenem,
610 1444 719 1480 quem
739 1430 864 1468 Notus
884 1429 1012 1468 invido

180 1483 302 1529 Flatu,
326 1484 518 1535 Carpathii
537 1490 640 1522 trans
660 1484 772 1521 maris
790 1496 952 1533 aequora

176 1536 431 1576 Cunctantem
450 1539 571 1587 spatio
591 1539 740 1586 longius
760 1549 898 1583 annu0‚

284 1591 399 1629 Dulei
420 1593 575 1630 distinet
594 1605 615 1629 a
635 1592 760 1636 domo,

175 1644 297 1689 Votis,
321 1646 593 1695 ominibusque,
616 1650 654 1683 et
674 1645 860 1694 precibus,
884 1650 1006 1688 vocat,

180 1697 307 1735 Curvo
326 1711 394 1735 nee
409 1700 541 1736 faeiem
559 1699 687 1736 littore
703 1699 868 1736 dimovet
888 1711 897 1736 :

178 1751 251 1798 Sic,
273 1751 467 1789 desideriis
487 1753 562 1790 iota
581 1752 765 1796 fidelibus,

290 1805 449 1851 Quaerit
468 1806 591 1855 patria
612 1806 823 1843 Caesarem.

179 1858 301 1896 Tutus
323 1860 389 1896 bos
408 1860 547 1897 etenim
567 1872 655 1896 rura
681 1858 918 1908 perambulat
936 1870 947 1896 t

180 1910 313 1950 Nutrit
332 1925 419 1950 rura
437 1913 560 1957 Ceres,
575 1913 747 1963 almaque
767 1911 956 1950 Faustitas
971 1925 980 1951 z

179 1963 361 2003 Pacatum
381 1967 542 2004 volitant
562 1980 628 2015 per
648 1979 748 2003 mare
768 1966 934 2004 navitae:

290 2019 445 2069 Culpari
463 2021 598 2058 metuit
619 2020 730 2057 Fides
748 2033 756 2057 ε

184 2071 307 2109 Nullis
327 2073 508 2122 polluitur
527 2078 630 2111 casta
649 2074 782 2110 domus
797 2073 956 2121 stupris:

183 2124 280 2171 Mos,
302 2132 340 2163 et
359 2126 420 2163 lex
439 2127 668 2164 maculosum
687 2126 855 2164 edomuit
869 2126 995 2165 nefas:

182 2176 406 2217 Laudantur
425 2180 534 2216 simili
553 2180 657 2229 prole
674 2191 903 2229 puerperae:

294 2233 452 2282 Culpam
469 2233 597 2270 Poena
615 2234 752 2282 premit
771 2245 908 2270 comes.

1202 197 1254 237 75

1210 521 1260 559 70

1205 787 1257 827 75

1234 1215 1258 1252 Φ(

181 2285 276 2330 Quis
297 2285 481 2324 Parthum
500 2293 634 2336 paveat
649 2287 668 2324 ⁶?
696 2287 779 2335 quis
797 2286 965 2335 gelidum
985 2285 1188 2338 Scythen?
1207 2285 1258 2324 25

175 2338 287 2384 Quis,
311 2339 513 2377 Germania
533 2353 626 2389 quos
645 2340 798 2377 horrida
817 2339 981 2389 parturit

185 2391 317 2438 Fetus,
337 2393 515 2431 ineolumi
532 2394 690 2431 Caesare
709 2393 728 2430 ἱ)
757 2393 839 2443 quis
858 2393 963 2431 feras

298 2446 446 2485 Bellum
466 2451 572 2486 curet
592 2447 738 2485 Iberiae
755 2446 776 2484 ἶ)
