1414 2666
52 202 105 238 56
345 199 391 237 P.
422 199 672 238 VIRGILII
702 199 964 239 MARONIS
1134 199 1250 252 [Lm.

52 305 182 356 Usque
202 307 380 344 coloratis
400 307 523 344 amnis
543 308 715 345 devexus
734 308 782 345 ab
803 307 923 353 Indis,

52 360 107 397 Et
126 361 291 397 viridem
312 361 531 410 AEgyptum
551 362 664 410 nigra
683 362 864 398 fecundat
884 374 1026 405 arena3

54 413 192 451 Omnis
210 415 251 450 in
271 415 343 451 hac
363 420 505 450 certam
527 415 634 463 regio
649 415 747 462 jacit
766 420 848 451 arte
868 415 1045 452 salutem.

107 467 289 516 Exiguus
309 468 475 515 primum
497 474 611 516 atque
626 469 729 516 ipsos
750 474 968 506 contractus
987 469 1035 506 ad
1053 480 1147 505 usus
1167 470 1247 506 295

51 520 225 569 Eligitur
245 521 368 564 locus3
397 521 499 557 hunc
520 522 753 570 angustique
773 522 934 559 imbrice
953 522 1047 559 tecti

50 573 350 621 Parietibusque
370 580 551 622 premunt
570 575 674 619 artis,
697 581 734 611 et
754 581 919 623 quatuor
941 576 1100 620 addunt,

53 626 229 673 Quatuor
249 640 270 663 a
290 628 417 664 ventis
437 628 592 676 obliqua
611 628 694 665 luce
713 627 912 665 fenestras.

51 681 154 717 Tum
175 681 332 725 vitulus,
354 682 459 718 bima
479 693 645 718 curvans
661 680 744 728 jam
764 694 906 718 cornua
926 681 1066 727 fronte,
1107 714 1112 716 .

53 733 249 780 Quaeritur
267 749 277 777 3
305 735 395 770 huie
414 734 577 783 geminae
597 747 708 772 nares
728 740 766 771 et
786 735 944 782 spiritus
964 735 1041 772 oris
1089 730 1114 757 ’Ὗ
1168 737 1251 772 300

49 786 180 824 Multa
199 787 406 824 reluctanti
427 788 655 832 obstruitur,
676 788 877 836 plagisque
896 794 1073 836 peremto

51 840 185 877 Tunsa
204 853 273 889 per
292 841 483 889 integram
505 841 710 877 solvuntur
731 842 877 876 viscera
897 841 1049 889 pellem.

52 894 118 930 sic
137 895 306 942 positum
324 894 365 930 in
386 894 515 930 clauso
534 894 727 942 linquunt,
749 899 788 930 et
807 906 935 931 ramea
955 895 1070 932 costis

51 946 272 995 Subjieiunt
291 946 519 995 fragmenta,
540 948 717 996 thymum
738 948 935 995 casiasque
954 954 1138 985 recentes·

51 1001 139 1037 Hoc
158 1001 319 1049 geritur,
335 1001 525 1050 Zephyris
539 1002 706 1048 primum
718 1000 1006 1049 impellentibus
1020 1002 1152 1048 undas,
1170 1003 1249 1039 305

50 1054 159 1090 Ante
178 1054 289 1090 novis
308 1055 473 1091 rubeant
492 1067 606 1102 quam
626 1060 737 1103 prata
756 1054 963 1100 coloribus,
980 1061 1070 1092 ante

52 1105 222 1144 Gari-ula
241 1119 356 1155 quam
376 1108 495 1156 tignis
516 1108 650 1144 nidum
670 1108 882 1156 suspendat
904 1108 1086 1145 hirundo.

50 1160 207 1198 Interea
227 1161 370 1198 teneris
390 1160 605 1209 tepefactus
624 1161 664 1197 in
686 1161 838 1198 ossibus
858 1161 997 1198 humor

50 1214 237 1258 AEstuat;
266 1220 305 1251 et
324 1214 485 1251 visenda
503 1215 625 1251 modis
647 1214 827 1251 animalia
847 1215 966 1259 miris,

52 1267 209 1305 Trunca
228 1268 370 1316 pedum
390 1268 527 1316 primo,
549 1280 641 1305 mox
661 1274 699 1305 et
719 1268 923 1305 stridentia
942 1268 1091 1317 pennis,
1168 1270 1252 1305 310

52 1320 283 1365 Miscentur,
305 1326 537 1368 tenuemque
558 1321 681 1369 magis
700 1321 823 1369 magis
844 1323 936 1359 aera
958 1327 1121 1371 carpunt
1139 1337 1150 1366 3

50 1371 194 1418 Donec,
216 1380 259 1411 ut
279 1374 424 1411 aestivis
444 1374 588 1411 effusus
608 1375 775 1412 nubibus
795 1375 930 1420 imber,

51 1427 242 1476 Erupere,
262 1433 329 1464 aut
349 1433 403 1472 ut,
425 1440 545 1465 nervo
566 1428 755 1476 pulsante,
777 1428 941 1476 sagittae,

50 1480 184 1518 Prima
203 1481 458 1518 levesineunt
478 1481 510 1518 si
530 1482 682 1529 quando
702 1481 837 1530 proelia
857 1481 1006 1518 Parthi.

108 1534 205 1579 Quis
219 1535 312 1571 deus
325 1534 437 1579 hanc,
451 1534 586 1579 Musae,
601 1535 690 1584 quis
704 1535 814 1571 nobis
829 1535 983 1571 extudit
998 1534 1142 1572 artem?
1171 1536 1250 1573 315

52 1587 171 1625 Unde
190 1600 292 1624 nova
311 1588 509 1637 ingressus
528 1589 727 1625 hominum
747 1588 990 1636 experientia
1009 1588 1140 1638 cepit?

52 1640 192 1679 Pastor
212 1641 404 1678 Aristaeus
424 1640 578 1690 fugiens
599 1642 744 1678 Peneia
764 1641 923 1689 Tempe,

54 1693 233 1740 Amissis,
255 1701 297 1731 ut
316 1694 429 1739 sama,
450 1695 588 1743 apibus
606 1695 816 1743 morboque
834 1694 1022 1742 fameque,

55 1748 196 1785 Tristis
216 1749 265 1785 ad
291 1748 456 1785 extremi
476 1761 627 1785 sacrum
647 1755 764 1796 eaput
783 1748 932 1785 adstitit
951 1748 1086 1794 amnis,

55 1801 182 1838 Multa
203 1814 379 1849 querens,
401 1807 514 1849 atque
534 1802 606 1838 hae
625 1801 777 1838 adfatus
797 1814 891 1838 voce
910 1808 1109 1850 parentem
1131 1815 1140 1838 ε
1171 1803 1255 1838 320

54 1854 196 1900 Mater,
220 1855 373 1904 Cyrene
392 1861 527 1900 mater,
548 1867 631 1902 quae
651 1854 818 1903 gurgitis
838 1853 955 1902 hujus

55 1908 142 1945 Ima
161 1915 281 1953 tenes,
300 1908 397 1956 quid
415 1920 477 1944 me
497 1909 679 1956 praeolara
699 1908 819 1955 stirpe
838 1908 997 1944 deorum

58 1961 98 1998 Si
118 1962 240 2007 modo,
262 1974 376 2009 quem
398 1961 588 2009 perhibes,
609 1967 720 2010 pater
740 1966 798 1997 est
818 1961 1074 2010 Thymbraeus
1095 1961 1249 2011 Apollo,

55 2015 233 2052 Invisum
252 2014 343 2052 fatis
361 2014 529 2063 genuisti
550 2014 566 2051 ?
622 2013 705 2050 Aut
723 2027 799 2062 quo
819 2014 891 2051 tibi
910 2015 1034 2051 nostri

55 2068 194 2105 Pulsus
214 2081 320 2105 amor
339 2067 355 2105 Ρ
412 2066 516 2111 Quid
536 2080 596 2104 me
616 2068 752 2104 coelum
771 2080 925 2116 sperare
939 2066 1106 2115 jubebas
1126 2067 1142 2105 Ρ
1171 2070 1252 2106 325

56 2120 119 2158 En
139 2122 255 2159 etiam
275 2122 377 2158 hunc
396 2122 522 2170 ipsum
542 2122 633 2158 vitae
652 2121 823 2158 mortalis
843 2121 1032 2167 honorem,

59 2174 184 2220 Quem
203 2175 299 2211 mihi
320 2175 388 2211 vix
408 2176 565 2223 frugum
585 2181 622 2211 et
642 2175 831 2222 pecudum
852 2175 1026 2211 custodia
1045 2175 1179 2212 sollers

59 2228 201 2266 Omnia
221 2229 387 2265 tentanti
408 2229 626 2273 extuderat,
647 2235 684 2264 te
704 2234 838 2273 matre,
860 2228 1050 2276 relinquo.

61 2280 165 2327 Quin
186 2294 267 2330 age,
290 2288 328 2318 et
347 2282 430 2329 ipsa
450 2294 565 2318 manu
586 2281 717 2319 felices
738 2294 828 2318 erue
849 2281 981 2325 silvas3

58 2334 136 2371 Fer
149 2335 309 2372 stabulis
321 2335 670 2383 inimicumignem,
681 2342 795 2382 atque
808 2335 981 2372 interfice
994 2346 1154 2378 messes;
1172 2336 1254 2371 330

59 2388 143 2425 Ure
163 2393 255 2433 sata,
278 2394 316 2424 et
336 2389 502 2425 validam
521 2389 561 2424 in
583 2389 681 2425 vites
702 2388 835 2425 molire
854 2388 1060 2436 bipennem
1078 2402 1089 2431 ;

59 2439 187 2479 Tanta
206 2452 298 2479 mea?
320 2442 351 2478 si
372 2448 408 2477 te
428 2447 613 2490 ceperunt
633 2442 746 2479 taedia
765 2441 901 2478 laudis.
