1414 2666
161 141 212 180 32
561 153 597 181 P.
627 152 750 181 ovmn
776 152 938 181 NAsoms
1240 140 1335 192 [mn.

214 248 407 298 Hesperus
419 253 458 287 et
474 249 579 287 fusco
597 249 764 287 roscidus
783 250 862 288 ibat
880 263 990 300 equo.
1017 296 1020 299 x

162 303 286 340 Antra
304 303 403 341 subit
421 303 545 352 tophis
563 304 807 353 laqueataque
822 305 967 354 pumice
985 303 1083 341 vivo.
1255 304 1333 342 315

219 356 401 394 Garrulus
418 357 458 393 in
477 357 596 406 primo
613 357 740 395 limine
757 358 858 394 rivus
878 365 970 396 erat.

161 410 339 459 Dumque
356 418 489 459 parant
509 411 635 459 epulas
653 412 888 461 potandaque
902 412 988 449 vina
1005 409 1164 449 ministri

214 464 388 502 Cultibus
408 464 567 501 Alciden
585 465 735 503 instruit
749 465 812 502 illa
830 465 916 503 suis.

161 517 241 556 Dat
259 522 389 555 tenues
408 518 562 563 tunicas,
586 518 737 556 Groetulo
756 519 893 556 murice
911 519 1047 557 tinctas
1066 531 1075 555 z

216 571 297 609 Dat
315 576 470 609 teretem
487 585 627 618 zonam,
649 585 721 622 qua
740 573 850 609 modo
870 573 992 611 cincta
1008 571 1094 609 fuit.
1254 571 1333 609 320

163 625 308 663 Ventre
326 625 446 661 minor
463 638 556 662 zona
575 632 630 664 est
651 639 658 663 :
688 627 900 664 tunicarum
918 626 1040 663 vincla
1057 624 1214 671 relaxat,

218 678 273 717 Ut
291 679 408 727 possit
425 684 548 717 vastas
567 680 770 717 exseruisse
790 693 934 717 manus.

165 732 346 781 Fregerat
365 733 525 770 armillas
543 746 618 770 non
637 734 701 770 illa
719 733 766 770 ad
783 734 934 771 brachia
952 734 1068 771 factas
1087 746 1096 770 ε

218 786 463 834 Stringebant
482 799 636 835 magnos
655 787 803 824 vincula
821 800 935 836 parva
953 787 1078 836 pedes.

166 839 253 890 Ipsa
271 840 370 888 capit
389 839 603 888 clavamque
621 853 783 888 gravem,
806 841 1039 890 spoliumque
1056 839 1185 884 leonis,
1257 840 1336 880 325

220 893 456 942 Conditaque
474 893 514 929 in
532 894 706 943 pharetra
722 895 798 931 tela
816 894 960 932 minora
977 907 1057 931 sua.

167 947 228 985 Sic
247 947 365 996 epulis
383 947 514 992 functi,
535 947 586 984 sic
603 947 696 985 dant
715 961 781 985 sua
799 961 955 997 corpora
974 961 1104 986 somno
1124 961 1133 992 ;

221 1000 272 1038 Et
290 1000 420 1050 positis
433 1000 544 1049 juxta
562 1002 762 1038 secubuere
782 1002 884 1039 toris.

168 1054 291 1092 Causa
307 1067 315 1091 t
345 1055 524 1103 repertori
544 1055 630 1092 vitis
649 1055 709 1104 pia
728 1068 830 1093 sacr-a
847 1055 1039 1104 parabant,

222 1108 316 1153 Quae
334 1108 498 1146 facerent
517 1121 619 1158 pure,
637 1122 721 1146 cum
739 1109 836 1147 foret
855 1117 937 1147 orta
955 1109 1046 1146 dies.
1258 1109 1337 1147 330

167 1161 300 1199 Noctis
319 1168 398 1199 erat
417 1162 580 1199 medium
596 1176 605 1207 3
635 1161 740 1212 (quid
758 1176 834 1200 non
853 1176 955 1200 amor
973 1163 1161 1212 improbus
1180 1161 1335 1213 audet?)

221 1215 386 1253 Roscida
404 1228 469 1265 per
490 1217 660 1254 tenebras
681 1216 831 1254 Faunus
850 1217 898 1254 ad
917 1221 1024 1254 antra
1043 1216 1158 1253 venit.

170 1270 300 1318 thue
318 1269 421 1307 videt
440 1282 569 1306 somno
588 1271 740 1307 comites
759 1270 919 1318 vinoque
938 1270 1090 1315 solutos,

223 1323 333 1372 Spem
353 1323 452 1372 capit
470 1324 507 1359 in
528 1323 687 1360 dominis
706 1337 784 1361 esse
803 1325 943 1373 soporis
961 1324 1073 1360 idem.

169 1377 304 1422 Intrat,
324 1383 362 1414 et
380 1377 453 1413 buo
470 1377 558 1414 illuc
577 1378 792 1414 temerarius
811 1383 909 1414 errat
928 1377 1098 1415 adulter:
1261 1376 1338 1414 335

224 1430 275 1468 Et
293 1430 443 1480 praefert
457 1436 583 1468 cautas
603 1431 912 1480 subsequiturque
931 1443 1074 1468 manus.

169 1483 335 1522 Venerat
355 1484 402 1520 ad
421 1485 528 1521 strati
547 1490 694 1533 captata
713 1485 848 1522 cubilia
866 1485 973 1529 lecti;

225 1537 275 1575 Et
294 1538 414 1587 prima
432 1537 521 1574 felix
542 1545 641 1576 sorte
659 1538 807 1576 futurus
827 1546 920 1577 erat.

172 1590 227 1629 Ut
242 1593 368 1640 tetigit
387 1591 477 1628 fulvi
496 1593 582 1630 setis
602 1592 743 1630 hirsuta
760 1593 877 1630 leonis

222 1645 384 1690 Vellera,
406 1646 611 1694 pertimuit,
634 1646 884 1695 sustinuitque
903 1659 1053 1683 manum
1074 1660 1083 1691 3
1260 1643 1340 1683 340

172 1699 442 1747 Attonitusque
461 1706 563 1737 metu
581 1699 707 1748 riguit,
728 1706 770 1737 ut
789 1713 887 1750 saepe
905 1701 1024 1738 viator

227 1753 434 1790 Turbatum
453 1754 532 1790 viso
551 1754 680 1791 retulit
699 1767 821 1802 angue
840 1754 984 1803 pedem.

174 1806 268 1844 Inde
286 1808 371 1851 tori,
391 1807 453 1855 qui
467 1806 623 1855 junctus
643 1813 734 1852 erat,
756 1808 939 1844 velamina
957 1808 1081 1857 tangit

226 1860 366 1905 Mollia,
387 1861 555 1897 mendaci
575 1861 832 1910 decipiturque
852 1867 953 1899 nota.

173 1913 395 1959 Adscendit,
416 1914 631 1963 spondaque
644 1915 714 1951 sibi
732 1914 904 1963 propiore
922 1915 1128 1960 recumbit;
1263 1915 1341 1953 345

228 1967 279 2005 Et
297 1968 419 2016 rigido
436 1980 553 2005 cornu
573 1968 702 2004 durius
726 1968 866 2017 inguen
887 1974 979 2006 erat.
1028 1999 1031 2003 .

176 2021 325 2059 Interea
343 2021 487 2059 tunicas
506 2034 571 2058 ora
589 2021 764 2059 subducit
783 2023 830 2058 ab
844 2022 918 2058 ima
938 2036 946 2059 ε

228 2074 445 2112 Horrebant
461 2075 584 2112 densis
603 2088 731 2125 aspera
749 2088 857 2112 crura
874 2075 971 2125 pilis,

177 2128 325 2167 Caetera
343 2134 550 2167 tentantem
570 2129 696 2166 cubito
717 2129 938 2179 Tirynthius
956 2129 1064 2167 heros

229 2182 397 2232 Repulit,
419 2188 457 2220 et
474 2195 617 2219 summo
636 2183 775 2220 decidit
793 2183 856 2220 ille
874 2189 969 2221 toro.
1263 2183 1343 2222 350

176 2235 239 2274 Fit
258 2249 388 2274 sonus:
418 2236 593 2274 inclamat
612 2237 774 2282 comites,
795 2243 833 2274 et
847 2237 988 2274 lumina
1005 2237 1124 2287 poscit

231 2290 400 2327 Maeonis.
458 2290 575 2328 Illatis
593 2290 742 2339 ignibus
761 2296 843 2328 acta
861 2296 1005 2340 patent.

179 2342 248 2380 Ille
265 2343 381 2392 gemit
399 2343 496 2381 lecto
513 2345 677 2393 graviter
696 2343 861 2393 dejectus
881 2345 929 2382 ab
947 2345 1045 2382 alto:

231 2397 475 2447 Membraque
492 2397 539 2435 de
558 2397 652 2435 dura
669 2398 730 2434 vix
750 2411 814 2435 sua
833 2398 931 2437 tollit
945 2398 1071 2436 humo.
