1475 2712
43 217 108 269 11.]
559 227 679 254 rAsrL
1157 213 1208 250 35

98 325 258 362 Junonis
277 337 420 374 magnae
432 321 583 361 ‘homine
601 324 706 360 lucus
725 327 815 360 erat.

47 377 135 416 Huc
152 379 216 415 ubi
235 384 427 423 venerunt,
446 377 583 427 pariter
599 382 802 426 nuptaeque
821 375 962 424 virique

100 431 322 481 Suppliciter
340 432 459 481 posito
478 431 710 480 procubuere
731 442 841 478 genu.

51 485 147 522 Cum
165 486 288 524 subito
303 491 412 523 motae
431 491 612 522 tremuere
626 485 817 520 cacumina
835 482 958 532 sylvae,

103 538 154 576 Et
168 539 238 576 dea
255 552 320 589 per
337 539 440 575 lucos
458 537 550 574 mira
567 537 692 574 locuta
711 550 806 573 suos.
1135 535 1211 571 440

55 591 206 630 Italidas
222 597 366 635 matres,
387 591 519 640 inquit,
540 603 640 627 sacer
659 591 782 627 hircus
801 590 907 627 inito.

104 645 308 695 Obstupuit
327 646 440 682 dubio
457 644 586 682 territa
600 645 710 682 turba
728 656 831 680 sono.

53 700 187 747 Augur
205 705 284 736 erat
303 712 312 736 t
340 711 475 735 nomen
494 697 614 746 longis
626 697 814 735 intercidit
832 696 948 733 annis.

104 752 235 802 Nuper
254 753 300 790 ab
320 752 476 790 Etrusca
494 757 646 789 venerat
665 751 768 788 exsul
786 751 909 787 humo.

54 805 121 842 Ille
139 818 291 855 caprum
305 810 441 843 mactat
461 819 470 842 z
494 804 608 853 jussae
629 817 694 841 sua
712 810 819 853 terga
838 803 980 841 maritae
1139 804 1217 843 445

108 859 270 896 Pellibus
289 859 444 897 exsectis
474 858 717 907 percutienda
736 859 887 894 dabant.

56 911 165 950 Luna
183 913 392 950 resumebat
412 911 555 949 decimo
573 925 669 948 nova
687 924 826 948 cornua
844 916 960 953 motu,

111 966 252 1015 Virque
271 972 376 1015 pater
396 966 530 1011 subito,
551 971 739 1014 nuptaque
758 969 874 1002 mater
895 970 984 1002 erat.

59 1019 190 1056 Gratia
209 1019 361 1056 Lucinae
377 1033 386 1057 :
416 1019 519 1056 dedit
540 1020 617 1056 haee
636 1019 703 1056 tibi
723 1019 872 1055 nomina
889 1018 993 1055 lucus
1011 1032 1021 1063 ;

110 1073 190 1110 Aut
208 1073 294 1122 quia
312 1073 530 1122 principium
551 1078 605 1117 tu,
626 1073 706 1117 dea,
727 1072 818 1109 lucis
830 1072 952 1108 habes.
1145 1075 1223 1111 450

59 1125 175 1163 Parce
193 1139 322 1175 precor
340 1127 514 1175 gravidis,
534 1126 649 1163 facilis
670 1125 824 1168 Lucina,
844 1125 987 1174 puellis,

113 1180 377 1227 Maturumque
396 1186 503 1217 utero
519 1180 679 1217 molliter
698 1180 787 1216 effer
805 1192 910 1215 onus.

63 1284 157 1322 Orta
178 1285 256 1321 dies
274 1284 384 1321 fuerit
405 1297 413 1327 ;
442 1289 483 1321 tu
500 1283 628 1320 desine
648 1283 798 1320 credere
819 1283 948 1320 ventis.

116 1338 280 1375 Perdidit
294 1338 391 1374 illius
409 1337 586 1386 tempor-is
604 1350 693 1373 aura
712 1337 835 1373 fidem.

66 1391 234 1429 Flamina
251 1404 327 1428 non
346 1396 519 1428 constant
540 1404 548 1427 :
579 1397 616 1427 et
636 1404 699 1427 sex
718 1396 879 1427 reserata
899 1390 1028 1427 diebus
1153 1392 1230 1430 455

115 1445 280 1482 Carceris
299 1445 409 1481 AEolii
422 1444 541 1493 janua
560 1444 644 1480 laxa
662 1450 779 1493 patet.

63 1548 150 1587 [Iam
164 1550 254 1586 levis
272 1549 422 1597 obliqua
440 1548 598 1585 subsidit
618 1548 803 1597 Aquarius
823 1559 927 1584 urna.

115 1603 308 1640 Proximus
328 1602 499 1639 aetherios
518 1602 657 1650 excipe,
683 1601 805 1645 Piscis,
828 1613 954 1650 equos.

71 1658 127 1695 Te
145 1662 351 1693 memorant
369 1656 591 1703 fratremque
607 1662 714 1692 tuum
735 1653 836 1705 (nam
850 1657 983 1703 juncta
1002 1655 1145 1694 micatis

126 1709 256 1760 Signa)
279 1710 372 1746 duos
390 1716 497 1757 tergo
517 1709 735 1746 sustinuisse
754 1709 854 1744 deos.
1156 1710 1233 1749 460

73 1763 290 1802 Terribilem
304 1763 490 1812 quondam
510 1763 655 1810 fugiens
673 1763 855 1811 Typhona
876 1761 1010 1807 Dione,

120 1818 227 1854 Tunc
246 1829 329 1854 cum
348 1829 415 1864 pro
430 1816 521 1852 eoelo
538 1816 688 1864 Jupiter
706 1828 806 1851 arma
825 1815 921 1859 tulit,

70 1871 186 1909 Venit
201 1871 249 1908 ad
269 1869 485 1918 Euphraten
500 1870 674 1906 comitata
695 1868 879 1917 Cupidine
897 1882 1022 1917 parvo,

118 1924 235 1973 Inque
259 1923 465 1960 Palaestinae
484 1923 650 1971 margine
669 1923 765 1959 sedit
792 1934 911 1970 aquae.

73 1978 237 2027 Populus
256 1983 294 2015 et
312 1989 438 2014 cannae
457 1977 618 2025 riparum
639 1989 779 2013 summa
798 1977 975 2013 tenebant
996 1990 1004 2013 ι
1157 1978 1235 2016 465

126 2032 310 2080 Spemque
325 2031 464 2067 dabant
484 2031 622 2075 salices,
645 2030 710 2066 hos
729 2041 875 2078 quoque
894 2042 1002 2078 posse
1020 2031 1112 2079 tegi.

74 2085 177 2122 Dum
195 2085 298 2129 latet,
318 2084 484 2120 insonuit
503 2090 616 2120 vento
636 2096 778 2119 nemus.
835 2082 903 2120 Illa
921 2083 1054 2120 timore

128 2138 259 2182 Pallet,
284 2143 319 2175 et
340 2137 491 2174 hostiles
511 2137 628 2174 credit
650 2136 776 2173 adesse
794 2148 935 2173 manus.

76 2192 202 2240 thue
221 2191 304 2228 sinu
322 2196 450 2227 natum
470 2191 604 2234 tenuit,
626 2189 849 2235 Succurrite‚
872 2189 1070 2239 Nymphae,

129 2245 180 2283 Et
198 2245 255 2281 dis
273 2244 450 2281 auxilium
467 2244 561 2281 ferte
578 2244 734 2287 duobus,
755 2243 820 2281 ait.
1158 2246 1237 2286 470

73 2299 154 2336 Nec
173 2311 275 2336 mora
294 2311 304 2341 ;
332 2297 520 2346 prosiluit·
582 2297 705 2333 Pisces
725 2297 869 2333 subiere
887 2296 1054 2345 gemelli;

130 2352 205 2389 Pro
223 2363 298 2400 quo
317 2363 416 2387 nunc
435 2351 590 2399 dignum
609 2350 730 2387 sidera
749 2362 882 2386 munus
903 2350 1054 2388 habent.

78 2406 173 2443 Inde
190 2406 292 2442 nefas
312 2405 455 2441 ducunt
475 2416 595 2452 genus
612 2404 682 2441 hoc
700 2404 890 2452 imponere
908 2404 1055 2449 mensis,

130 2459 166 2497 N
169 2471 210 2497 ec
227 2458 369 2496 violant
386 2458 507 2496 timidi
523 2457 684 2508 piscibus
703 2469 768 2494 ora
787 2456 884 2507 Syri.
