<?xml version="1.0" encoding="UTF-8"?>
<!DOCTYPE html PUBLIC "-//W3C//DTD XHTML 1.0 Transitional//EN"
    "http://www.w3.org/TR/xhtml1/DTD/xhtml1-transitional.dtd">
<html xmlns="http://www.w3.org/1999/xhtml" xml:lang="en" lang="en">
 <head>
  <title>
</title>
<meta http-equiv="Content-Type" content="text/html;charset=utf-8" />
  <meta name='ocr-system' content='tesseract 3.04.00' />
  <meta name='ocr-capabilities' content='ocr_page ocr_carea ocr_par ocr_line ocrx_word'/>
</head>
<body>
  <div class='ocr_page' id='page_1' title='image "./curriculumlatinu02mont_0188.png"; bbox 0 0 1414 2666; ppageno 0'>
   <div class='ocr_carea' id='block_1_1' title="bbox 105 160 157 200">
    <p class='ocr_par' dir='ltr' id='par_1_1' title="bbox 105 160 157 200">
     <span class='ocr_line' id='line_1_1' title="bbox 105 160 157 200; baseline 0 0"><span class='ocrx_word' id='word_1_1' title='bbox 105 160 157 200; x_wconf 77' lang='lat'>60</span> 
     </span>
    </p>
   </div>
   <div class='ocr_carea' id='block_1_2' title="bbox 547 170 834 198">
    <p class='ocr_par' dir='ltr' id='par_1_2' title="bbox 547 170 834 198">
     <span class='ocr_line' id='line_1_2' title="bbox 547 170 834 198; baseline 0 -2"><span class='ocrx_word' id='word_1_2' title='bbox 547 170 756 198; x_wconf 68' lang='lat' dir='ltr'>CARMINUM</span> <span class='ocrx_word' id='word_1_3' title='bbox 776 170 834 197; x_wconf 73' lang='lat'>111.</span> 
     </span>
    </p>
   </div>
   <div class='ocr_carea' id='block_1_3' title="bbox 207 267 859 371">
    <p class='ocr_par' dir='ltr' id='par_1_3' title="bbox 207 267 859 371">
     <span class='ocr_line' id='line_1_3' title="bbox 207 267 804 318; baseline -0.002 -12"><span class='ocrx_word' id='word_1_4' title='bbox 207 268 258 307; x_wconf 89' lang='lat' dir='ltr'>Et</span> <span class='ocrx_word' id='word_1_5' title='bbox 277 271 448 318; x_wconf 82' lang='lat' dir='ltr'>pugnata</span> <span class='ocrx_word' id='word_1_6' title='bbox 464 278 570 305; x_wconf 86' lang='lat' dir='ltr'>sacro</span> <span class='ocrx_word' id='word_1_7' title='bbox 587 267 687 306; x_wconf 87' lang='lat' dir='ltr'>bella</span> <span class='ocrx_word' id='word_1_8' title='bbox 705 267 777 305; x_wconf 78' lang='lat' dir='ltr'>nio</span> <span class='ocrx_word' id='word_1_9' title='bbox 795 280 804 305; x_wconf 89' lang='lat'>:</span> 
     </span>
     <span class='ocr_line' id='line_1_4' title="bbox 317 320 859 371; baseline 0 -13"><span class='ocrx_word' id='word_1_10' title='bbox 317 321 406 367; x_wconf 82' lang='lat' dir='ltr'>Quo</span> <span class='ocrx_word' id='word_1_11' title='bbox 426 320 564 358; x_wconf 90' lang='lat' dir='ltr'>Chium</span> <span class='ocrx_word' id='word_1_12' title='bbox 582 322 704 371; x_wconf 89' lang='lat' dir='ltr'>pretio</span> <span class='ocrx_word' id='word_1_13' title='bbox 723 321 859 359; x_wconf 85' lang='lat' dir='ltr'>cadum</span> 
     </span>
    </p>
   </div>
   <div class='ocr_carea' id='block_1_4' title="bbox 207 374 1073 425">
    <p class='ocr_par' dir='ltr' id='par_1_4' title="bbox 207 374 1073 425">
     <span class='ocr_line' id='line_1_5' title="bbox 207 374 1073 425; baseline 0 -12"><span class='ocrx_word' id='word_1_14' title='bbox 207 376 433 420; x_wconf 87' lang='lat' dir='ltr'>Mercemur,</span> <span class='ocrx_word' id='word_1_15' title='bbox 451 375 534 424; x_wconf 92' lang='lat' dir='ltr'>quis</span> <span class='ocrx_word' id='word_1_16' title='bbox 552 387 688 425; x_wconf 88' lang='lat' dir='ltr'>aquam</span> <span class='ocrx_word' id='word_1_17' title='bbox 705 379 893 425; x_wconf 89' lang='lat' dir='ltr'>temperet</span> <span class='ocrx_word' id='word_1_18' title='bbox 908 374 1073 423; x_wconf 84' lang='lat' dir='ltr'>ignibus,</span> 
     </span>
    </p>
   </div>
   <div class='ocr_carea' id='block_1_5' title="bbox 201 428 1013 1605">
    <p class='ocr_par' dir='ltr' id='par_1_5' title="bbox 315 428 1008 478">
     <span class='ocr_line' id='line_1_6' title="bbox 315 428 1008 478; baseline 0.001 -13"><span class='ocrx_word' id='word_1_19' title='bbox 315 428 404 474; x_wconf 81' lang='lat' dir='ltr'>Quo</span> <span class='ocrx_word' id='word_1_20' title='bbox 422 429 628 478; x_wconf 81' lang='lat' dir='ltr'>praebente</span> <span class='ocrx_word' id='word_1_21' title='bbox 646 429 814 475; x_wconf 85' lang='lat' dir='ltr'>domum,</span> <span class='ocrx_word' id='word_1_22' title='bbox 834 433 874 467; x_wconf 90' lang='lat' dir='ltr'>et</span> <span class='ocrx_word' id='word_1_23' title='bbox 891 434 1008 478; x_wconf 86' lang='lat' dir='ltr'>quota</span> 
     </span>
    </p>

    <p class='ocr_par' dir='ltr' id='par_1_6' title="bbox 208 482 907 586">
     <span class='ocr_line' id='line_1_7' title="bbox 208 482 907 532; baseline 0 -12"><span class='ocrx_word' id='word_1_24' title='bbox 208 482 376 532; x_wconf 89' lang='lat' dir='ltr'>Pelignis</span> <span class='ocrx_word' id='word_1_25' title='bbox 395 494 542 520; x_wconf 84' lang='lat' dir='ltr'>caream</span> <span class='ocrx_word' id='word_1_26' title='bbox 559 482 773 532; x_wconf 85' lang='lat' dir='ltr'>frigoribus,</span> <span class='ocrx_word' id='word_1_27' title='bbox 793 490 907 520; x_wconf 83' lang='lat' dir='ltr'>taces.</span> 
     </span>
     <span class='ocr_line' id='line_1_8' title="bbox 314 535 858 586; baseline 0.004 -14"><span class='ocrx_word' id='word_1_28' title='bbox 314 535 378 572; x_wconf 93' lang='lat' dir='ltr'>Da</span> <span class='ocrx_word' id='word_1_29' title='bbox 396 535 530 573; x_wconf 85' lang='lat' dir='ltr'>Lunae</span> <span class='ocrx_word' id='word_1_30' title='bbox 548 549 708 586; x_wconf 84' lang='lat' dir='ltr'><strong>propere</strong></span> <span class='ocrx_word' id='word_1_31' title='bbox 726 548 858 583; x_wconf 87' lang='lat' dir='ltr'>novae,</span> 
     </span>
    </p>

    <p class='ocr_par' dir='ltr' id='par_1_7' title="bbox 207 589 966 682">
     <span class='ocr_line' id='line_1_9' title="bbox 207 589 966 640; baseline 0.003 -14"><span class='ocrx_word' id='word_1_32' title='bbox 207 590 270 627; x_wconf 93' lang='lat' dir='ltr'>Da</span> <span class='ocrx_word' id='word_1_33' title='bbox 288 589 422 627; x_wconf 84' lang='lat' dir='ltr'>Noctis</span> <span class='ocrx_word' id='word_1_34' title='bbox 441 589 598 635; x_wconf 86' lang='lat' dir='ltr'>mediae,</span> <span class='ocrx_word' id='word_1_35' title='bbox 618 590 679 636; x_wconf 90' lang='lat' dir='ltr'>da,</span> <span class='ocrx_word' id='word_1_36' title='bbox 699 603 793 640; x_wconf 87' lang='lat' dir='ltr'>puer</span> <span class='ocrx_word' id='word_1_37' title='bbox 812 590 966 640; x_wconf 89' lang='lat' dir='ltr'>auguris</span> 
     </span>
     <span class='ocr_line' id='line_1_10' title="bbox 312 643 897 682; baseline 0.002 -2"><span class='ocrx_word' id='word_1_38' title='bbox 312 643 494 681; x_wconf 89' lang='lat' dir='ltr'>Murenae</span> <span class='ocrx_word' id='word_1_39' title='bbox 510 657 518 681; x_wconf 93' lang='lat'>:</span> <span class='ocrx_word' id='word_1_40' title='bbox 539 644 661 682; x_wconf 89' lang='lat' dir='ltr'>tribus</span> <span class='ocrx_word' id='word_1_41' title='bbox 681 649 747 682; x_wconf 85' lang='lat' dir='ltr'>aut</span> <span class='ocrx_word' id='word_1_42' title='bbox 761 656 897 681; x_wconf 90' lang='lat' dir='ltr'>novem</span> 
     </span>
    </p>

    <p class='ocr_par' dir='ltr' id='par_1_8' title="bbox 209 697 964 800">
     <span class='ocr_line' id='line_1_11' title="bbox 209 697 964 747; baseline 0.001 -13"><span class='ocrx_word' id='word_1_43' title='bbox 209 697 418 734; x_wconf 82' lang='lat' dir='ltr'>Miscentur</span> <span class='ocrx_word' id='word_1_44' title='bbox 432 697 577 747; x_wconf 80' lang='lat' dir='ltr'>cyathis</span> <span class='ocrx_word' id='word_1_45' title='bbox 592 698 727 747; x_wconf 86' lang='lat' dir='ltr'>pocula</span> <span class='ocrx_word' id='word_1_46' title='bbox 746 697 964 736; x_wconf 87' lang='lat' dir='ltr'>commodis.</span> 
     </span>
     <span class='ocr_line' id='line_1_12' title="bbox 315 750 848 800; baseline 0.004 -13"><span class='ocrx_word' id='word_1_47' title='bbox 315 750 393 796; x_wconf 81' lang='lat' dir='ltr'>Qui</span> <span class='ocrx_word' id='word_1_48' title='bbox 411 763 536 788; x_wconf 89' lang='lat' dir='ltr'>musas</span> <span class='ocrx_word' id='word_1_49' title='bbox 555 756 656 789; x_wconf 87' lang='lat' dir='ltr'>amat</span> <span class='ocrx_word' id='word_1_50' title='bbox 674 751 848 800; x_wconf 86' lang='lat' dir='ltr'>impares,</span> 
     </span>
    </p>

    <p class='ocr_par' dir='ltr' id='par_1_9' title="bbox 205 804 926 908">
     <span class='ocr_line' id='line_1_13' title="bbox 205 804 926 854; baseline 0.003 -13"><span class='ocrx_word' id='word_1_51' title='bbox 205 804 350 842; x_wconf 83' lang='lat' dir='ltr'>Temos</span> <span class='ocrx_word' id='word_1_52' title='bbox 369 808 428 842; x_wconf 87' lang='lat' dir='ltr'>ter</span> <span class='ocrx_word' id='word_1_53' title='bbox 448 804 604 854; x_wconf 80' lang='lat' dir='ltr'><strong>cyathos</strong></span> <span class='ocrx_word' id='word_1_54' title='bbox 619 805 807 842; x_wconf 80' lang='lat' dir='ltr'>attonitus</span> <span class='ocrx_word' id='word_1_55' title='bbox 820 808 926 854; x_wconf 83' lang='lat' dir='ltr'>petet</span> 
     </span>
     <span class='ocr_line' id='line_1_14' title="bbox 309 857 901 908; baseline 0.003 -15"><span class='ocrx_word' id='word_1_56' title='bbox 309 857 428 896; x_wconf 87' lang='lat' dir='ltr'>Vates</span> <span class='ocrx_word' id='word_1_57' title='bbox 448 871 457 895; x_wconf 74' lang='grc' dir='ltr'>ε</span> <span class='ocrx_word' id='word_1_58' title='bbox 487 862 563 895; x_wconf 87' lang='lat' dir='ltr'>tres</span> <span class='ocrx_word' id='word_1_59' title='bbox 582 857 758 907; x_wconf 89' lang='lat' dir='ltr'>prohibet</span> <span class='ocrx_word' id='word_1_60' title='bbox 777 870 901 908; x_wconf 89' lang='lat' dir='ltr'>supra,</span> 
     </span>
    </p>

    <p class='ocr_par' dir='ltr' id='par_1_10' title="bbox 202 910 936 1014">
     <span class='ocr_line' id='line_1_15' title="bbox 202 910 936 960; baseline 0 -11"><span class='ocrx_word' id='word_1_61' title='bbox 202 911 387 949; x_wconf 84' lang='lat' dir='ltr'>Rixarum</span> <span class='ocrx_word' id='word_1_62' title='bbox 406 915 590 957; x_wconf 88' lang='lat' dir='ltr'>metuens,</span> <span class='ocrx_word' id='word_1_63' title='bbox 611 915 769 960; x_wconf 87' lang='lat' dir='ltr'>tangere</span> <span class='ocrx_word' id='word_1_64' title='bbox 789 910 936 958; x_wconf 82' lang='lat' dir='ltr'>Gratia,</span> 
     </span>
     <span class='ocr_line' id='line_1_16' title="bbox 305 963 807 1014; baseline 0.002 -13"><span class='ocrx_word' id='word_1_65' title='bbox 305 963 430 1002; x_wconf 91' lang='lat' dir='ltr'>Nudis</span> <span class='ocrx_word' id='word_1_66' title='bbox 451 964 587 1014; x_wconf 88' lang='lat' dir='ltr'>juncta</span> <span class='ocrx_word' id='word_1_67' title='bbox 605 965 807 1003; x_wconf 88' lang='lat' dir='ltr'>sororibus.</span> 
     </span>
    </p>

    <p class='ocr_par' dir='ltr' id='par_1_11' title="bbox 205 1017 892 1110">
     <span class='ocr_line' id='line_1_17' title="bbox 205 1017 892 1068; baseline 0.003 -13"><span class='ocrx_word' id='word_1_68' title='bbox 205 1018 374 1056; x_wconf 85' lang='lat' dir='ltr'>Insanire</span> <span class='ocrx_word' id='word_1_69' title='bbox 387 1017 497 1067; x_wconf 79' lang='lat' dir='ltr'>juvat</span> <span class='ocrx_word' id='word_1_70' title='bbox 517 1032 526 1053; x_wconf 72' lang='lat' dir='ltr'><em>z</em></span> <span class='ocrx_word' id='word_1_71' title='bbox 556 1031 624 1057; x_wconf 90' lang='lat' dir='ltr'>cur</span> <span class='ocrx_word' id='word_1_72' title='bbox 642 1018 892 1068; x_wconf 82' lang='lat' dir='ltr'>Berecyntiae</span> 
     </span>
     <span class='ocr_line' id='line_1_18' title="bbox 312 1072 808 1110; baseline 0 0"><span class='ocrx_word' id='word_1_73' title='bbox 312 1072 470 1110; x_wconf 86' lang='lat' dir='ltr'>Cessant</span> <span class='ocrx_word' id='word_1_74' title='bbox 488 1072 641 1110; x_wconf 86' lang='lat' dir='ltr'>flamina</span> <span class='ocrx_word' id='word_1_75' title='bbox 658 1072 773 1110; x_wconf 82' lang='lat' dir='ltr'>tibiae</span> <span class='ocrx_word' id='word_1_76' title='bbox 789 1072 808 1110; x_wconf 70' lang='grc' dir='ltr'>Ξ)</span> 
     </span>
    </p>

    <p class='ocr_par' dir='ltr' id='par_1_12' title="bbox 204 1125 962 1229">
     <span class='ocr_line' id='line_1_19' title="bbox 204 1125 962 1178; baseline 0.003 -15"><span class='ocrx_word' id='word_1_77' title='bbox 204 1125 282 1163; x_wconf 91' lang='lat' dir='ltr'>Cur</span> <span class='ocrx_word' id='word_1_78' title='bbox 301 1126 442 1175; x_wconf 85' lang='lat' dir='ltr'>pendet</span> <span class='ocrx_word' id='word_1_79' title='bbox 460 1127 577 1164; x_wconf 86' lang='lat' dir='ltr'>tacita</span> <span class='ocrx_word' id='word_1_80' title='bbox 595 1126 721 1164; x_wconf 87' lang='lat' dir='ltr'>fistula</span> <span class='ocrx_word' id='word_1_81' title='bbox 740 1139 827 1164; x_wconf 84' lang='lat' dir='ltr'>eum</span> <span class='ocrx_word' id='word_1_82' title='bbox 839 1126 923 1178; x_wconf 87' lang='lat' dir='ltr'>lyra</span> <span class='ocrx_word' id='word_1_83' title='bbox 942 1126 962 1165; x_wconf 74' lang='grc' dir='ltr'><em>Ρ</em></span> 
     </span>
     <span class='ocr_line' id='line_1_20' title="bbox 309 1179 790 1229; baseline 0.002 -13"><span class='ocrx_word' id='word_1_84' title='bbox 309 1179 511 1217; x_wconf 87' lang='lat' dir='ltr'>Parcentes</span> <span class='ocrx_word' id='word_1_85' title='bbox 526 1192 598 1229; x_wconf 91' lang='lat' dir='ltr'>ego</span> <span class='ocrx_word' id='word_1_86' title='bbox 616 1180 790 1218; x_wconf 82' lang='lat' dir='ltr'>dexteras</span> 
     </span>
    </p>

    <p class='ocr_par' dir='ltr' id='par_1_13' title="bbox 206 1231 952 1337">
     <span class='ocr_line' id='line_1_21' title="bbox 206 1231 952 1283; baseline 0.004 -15"><span class='ocrx_word' id='word_1_87' title='bbox 206 1231 305 1269; x_wconf 85' lang='lat' dir='ltr'>Odi:</span> <span class='ocrx_word' id='word_1_88' title='bbox 336 1245 470 1283; x_wconf 84' lang='lat' dir='ltr'>sparge</span> <span class='ocrx_word' id='word_1_89' title='bbox 489 1246 591 1271; x_wconf 87' lang='lat' dir='ltr'>rosas</span> <span class='ocrx_word' id='word_1_90' title='bbox 612 1247 620 1271; x_wconf 92' lang='lat'>:</span> <span class='ocrx_word' id='word_1_91' title='bbox 651 1233 782 1271; x_wconf 88' lang='lat' dir='ltr'>audiat</span> <span class='ocrx_word' id='word_1_92' title='bbox 799 1233 952 1272; x_wconf 90' lang='lat' dir='ltr'>invidus</span> 
     </span>
     <span class='ocr_line' id='line_1_22' title="bbox 306 1286 911 1337; baseline 0 -14"><span class='ocrx_word' id='word_1_93' title='bbox 306 1286 533 1324; x_wconf 88' lang='lat' dir='ltr'>Dementem</span> <span class='ocrx_word' id='word_1_94' title='bbox 553 1287 756 1337; x_wconf 83' lang='lat' dir='ltr'>strepitum</span> <span class='ocrx_word' id='word_1_95' title='bbox 771 1286 911 1337; x_wconf 90' lang='lat' dir='ltr'>Lycus,</span> 
     </span>
    </p>

    <p class='ocr_par' dir='ltr' id='par_1_14' title="bbox 202 1338 896 1443">
     <span class='ocr_line' id='line_1_23' title="bbox 202 1338 896 1391; baseline 0.003 -15"><span class='ocrx_word' id='word_1_96' title='bbox 202 1338 254 1376; x_wconf 82' lang='lat' dir='ltr'>Et</span> <span class='ocrx_word' id='word_1_97' title='bbox 273 1340 407 1386; x_wconf 86' lang='lat' dir='ltr'>vicina,</span> <span class='ocrx_word' id='word_1_98' title='bbox 429 1340 509 1378; x_wconf 89' lang='lat' dir='ltr'>seni</span> <span class='ocrx_word' id='word_1_99' title='bbox 526 1353 605 1378; x_wconf 86' lang='lat' dir='ltr'>non</span> <span class='ocrx_word' id='word_1_100' title='bbox 622 1341 758 1378; x_wconf 89' lang='lat' dir='ltr'>habilis</span> <span class='ocrx_word' id='word_1_101' title='bbox 778 1340 896 1391; x_wconf 88' lang='lat' dir='ltr'>Lyco.</span> 
     </span>
     <span class='ocr_line' id='line_1_24' title="bbox 307 1393 811 1443; baseline 0.002 -12"><span class='ocrx_word' id='word_1_102' title='bbox 307 1393 432 1443; x_wconf 86' lang='lat' dir='ltr'>Spissa</span> <span class='ocrx_word' id='word_1_103' title='bbox 450 1400 489 1431; x_wconf 87' lang='lat' dir='ltr'>te</span> <span class='ocrx_word' id='word_1_104' title='bbox 508 1394 671 1432; x_wconf 84' lang='lat' dir='ltr'>nitidum</span> <span class='ocrx_word' id='word_1_105' title='bbox 691 1406 811 1440; x_wconf 86' lang='lat' dir='ltr'>coma,</span> 
     </span>
    </p>

    <p class='ocr_par' dir='ltr' id='par_1_15' title="bbox 203 1446 951 1551">
     <span class='ocr_line' id='line_1_25' title="bbox 203 1446 951 1498; baseline 0.003 -14"><span class='ocrx_word' id='word_1_106' title='bbox 203 1446 304 1484; x_wconf 87' lang='lat' dir='ltr'>Puro</span> <span class='ocrx_word' id='word_1_107' title='bbox 323 1453 362 1485; x_wconf 85' lang='lat' dir='ltr'>te</span> <span class='ocrx_word' id='word_1_108' title='bbox 380 1447 552 1493; x_wconf 83' lang='lat' dir='ltr'>similem,</span> <span class='ocrx_word' id='word_1_109' title='bbox 572 1447 749 1497; x_wconf 88' lang='lat' dir='ltr'>Telephe,</span> <span class='ocrx_word' id='word_1_110' title='bbox 770 1447 951 1498; x_wconf 86' lang='lat' dir='ltr'>Vespero,</span> 
     </span>
     <span class='ocr_line' id='line_1_26' title="bbox 304 1500 857 1551; baseline 0.002 -13"><span class='ocrx_word' id='word_1_111' title='bbox 304 1501 544 1551; x_wconf 85' lang='lat' dir='ltr'>Tempestiva</span> <span class='ocrx_word' id='word_1_112' title='bbox 561 1501 660 1551; x_wconf 87' lang='lat' dir='ltr'>petit</span> <span class='ocrx_word' id='word_1_113' title='bbox 681 1500 822 1539; x_wconf 88' lang='lat' dir='ltr'>Rhodo</span> <span class='ocrx_word' id='word_1_114' title='bbox 837 1501 857 1539; x_wconf 72' lang='grc' dir='ltr'>ἱ)</span> 
     </span>
    </p>

    <p class='ocr_par' dir='ltr' id='par_1_16' title="bbox 201 1554 1013 1605">
     <span class='ocr_line' id='line_1_27' title="bbox 201 1554 1013 1605; baseline 0.002 -13"><span class='ocrx_word' id='word_1_115' title='bbox 201 1555 266 1592; x_wconf 90' lang='lat' dir='ltr'>Me</span> <span class='ocrx_word' id='word_1_116' title='bbox 284 1555 410 1594; x_wconf 86' lang='lat' dir='ltr'>lentus</span> <span class='ocrx_word' id='word_1_117' title='bbox 430 1554 617 1605; x_wconf 81' lang='lat' dir='ltr'>Glycerae</span> <span class='ocrx_word' id='word_1_118' title='bbox 634 1559 754 1593; x_wconf 89' lang='lat' dir='ltr'>torret</span> <span class='ocrx_word' id='word_1_119' title='bbox 773 1567 877 1593; x_wconf 90' lang='lat' dir='ltr'>amor</span> <span class='ocrx_word' id='word_1_120' title='bbox 895 1568 1013 1594; x_wconf 88' lang='lat' dir='ltr'>meae.</span> 
     </span>
    </p>
   </div>
   <div class='ocr_carea' id='block_1_6' title="bbox 416 1658 958 1712">
    <p class='ocr_par' dir='ltr' id='par_1_17' title="bbox 416 1658 958 1712">
     <span class='ocr_line' id='line_1_28' title="bbox 416 1658 958 1712; baseline 0.004 -16"><span class='ocrx_word' id='word_1_121' title='bbox 416 1658 506 1697; x_wconf 81' lang='lat' dir='ltr'>ODE</span> <span class='ocrx_word' id='word_1_122' title='bbox 526 1659 741 1698; x_wconf 81' lang='lat' dir='ltr'>XX--Ad</span> <span class='ocrx_word' id='word_1_123' title='bbox 759 1658 958 1712; x_wconf 71' lang='lat' dir='ltr'>Pyrrhum.</span> 
     </span>
    </p>
   </div>
   <div class='ocr_carea' id='block_1_7' title="bbox 198 1763 976 2454">
    <p class='ocr_par' dir='ltr' id='par_1_18' title="bbox 198 1763 976 2454">
     <span class='ocr_line' id='line_1_29' title="bbox 198 1763 909 1815; baseline 0.003 -15"><span class='ocrx_word' id='word_1_124' title='bbox 198 1763 288 1801; x_wconf 77' lang='lat' dir='ltr'>NON</span> <span class='ocrx_word' id='word_1_125' title='bbox 304 1764 407 1802; x_wconf 90' lang='lat' dir='ltr'>vides</span> <span class='ocrx_word' id='word_1_126' title='bbox 426 1771 569 1814; x_wconf 86' lang='lat' dir='ltr'>quanto</span> <span class='ocrx_word' id='word_1_127' title='bbox 588 1777 739 1802; x_wconf 89' lang='lat' dir='ltr'>moveas</span> <span class='ocrx_word' id='word_1_128' title='bbox 758 1765 909 1815; x_wconf 88' lang='lat' dir='ltr'>periclo,</span> 
     </span>
     <span class='ocr_line' id='line_1_30' title="bbox 202 1815 936 1868; baseline 0.003 -14"><span class='ocrx_word' id='word_1_129' title='bbox 202 1817 360 1868; x_wconf 84' lang='lat' dir='ltr'>Pyrrhe,</span> <span class='ocrx_word' id='word_1_130' title='bbox 383 1818 568 1856; x_wconf 82' lang='lat' dir='ltr'>Gaetulae</span> <span class='ocrx_word' id='word_1_131' title='bbox 588 1819 733 1856; x_wconf 87' lang='lat' dir='ltr'>catulos</span> <span class='ocrx_word' id='word_1_132' title='bbox 751 1815 905 1856; x_wconf 82' lang='lat' dir='ltr'>leaenae</span> <span class='ocrx_word' id='word_1_133' title='bbox 918 1820 936 1856; x_wconf 77' lang='lat'>?</span> 
     </span>
     <span class='ocr_line' id='line_1_31' title="bbox 201 1870 880 1921; baseline 0.003 -14"><span class='ocrx_word' id='word_1_134' title='bbox 201 1870 310 1909; x_wconf 91' lang='lat' dir='ltr'>Dura</span> <span class='ocrx_word' id='word_1_135' title='bbox 323 1876 410 1921; x_wconf 89' lang='lat' dir='ltr'>post</span> <span class='ocrx_word' id='word_1_136' title='bbox 428 1872 556 1920; x_wconf 88' lang='lat' dir='ltr'>paullo</span> <span class='ocrx_word' id='word_1_137' title='bbox 574 1872 696 1920; x_wconf 79' lang='lat' dir='ltr'>fugies</span> <span class='ocrx_word' id='word_1_138' title='bbox 715 1872 880 1909; x_wconf 86' lang='lat' dir='ltr'>inaudax</span> 
     </span>
     <span class='ocr_line' id='line_1_32' title="bbox 411 1924 718 1974; baseline 0.003 -13"><span class='ocrx_word' id='word_1_139' title='bbox 411 1924 559 1962; x_wconf 90' lang='lat' dir='ltr'>Proelia</span> <span class='ocrx_word' id='word_1_140' title='bbox 577 1931 718 1974; x_wconf 89' lang='lat' dir='ltr'>raptor,</span> 
     </span>
     <span class='ocr_line' id='line_1_33' title="bbox 201 1977 976 2028; baseline 0.003 -13"><span class='ocrx_word' id='word_1_141' title='bbox 201 1977 297 2015; x_wconf 91' lang='lat' dir='ltr'>Cum</span> <span class='ocrx_word' id='word_1_142' title='bbox 314 1990 384 2028; x_wconf 90' lang='lat' dir='ltr'>per</span> <span class='ocrx_word' id='word_1_143' title='bbox 402 1979 595 2017; x_wconf 83' lang='lat' dir='ltr'>obstantes</span> <span class='ocrx_word' id='word_1_144' title='bbox 608 1979 792 2028; x_wconf 88' lang='lat' dir='ltr'>juvenum</span> <span class='ocrx_word' id='word_1_145' title='bbox 808 1985 976 2017; x_wconf 85' lang='lat' dir='ltr'>catervas</span> 
     </span>
     <span class='ocr_line' id='line_1_34' title="bbox 199 2031 954 2082; baseline 0.003 -14"><span class='ocrx_word' id='word_1_146' title='bbox 199 2031 287 2078; x_wconf 79' lang='lat' dir='ltr'>Ibit,</span> <span class='ocrx_word' id='word_1_147' title='bbox 307 2032 495 2082; x_wconf 86' lang='lat' dir='ltr'>insignem</span> <span class='ocrx_word' id='word_1_148' title='bbox 514 2039 689 2082; x_wconf 88' lang='lat' dir='ltr'>repetens</span> <span class='ocrx_word' id='word_1_149' title='bbox 708 2033 924 2070; x_wconf 83' lang='lat' dir='ltr'>Nearchum</span> <span class='ocrx_word' id='word_1_150' title='bbox 946 2047 954 2070; x_wconf 90' lang='lat'><strong>:</strong></span> 
     </span>
     <span class='ocr_line' id='line_1_35' title="bbox 203 2085 959 2136; baseline 0.003 -14"><span class='ocrx_word' id='word_1_151' title='bbox 203 2085 359 2123; x_wconf 87' lang='lat' dir='ltr'>Grande</span> <span class='ocrx_word' id='word_1_152' title='bbox 377 2090 580 2132; x_wconf 86' lang='lat' dir='ltr'>certamen,</span> <span class='ocrx_word' id='word_1_153' title='bbox 601 2086 672 2124; x_wconf 85' lang='lat' dir='ltr'>tibi</span> <span class='ocrx_word' id='word_1_154' title='bbox 690 2086 832 2136; x_wconf 85' lang='lat' dir='ltr'>praeda</span> <span class='ocrx_word' id='word_1_155' title='bbox 850 2087 959 2125; x_wconf 84' lang='lat' dir='ltr'>cedat</span> 
     </span>
     <span class='ocr_line' id='line_1_36' title="bbox 413 2139 705 2189; baseline -0.003 -12"><span class='ocrx_word' id='word_1_156' title='bbox 413 2139 550 2189; x_wconf 86' lang='lat' dir='ltr'>Major,</span> <span class='ocrx_word' id='word_1_157' title='bbox 571 2152 620 2177; x_wconf 86' lang='lat' dir='ltr'>an</span> <span class='ocrx_word' id='word_1_158' title='bbox 639 2139 705 2177; x_wconf 89' lang='lat' dir='ltr'>illi.</span> 
     </span>
     <span class='ocr_line' id='line_1_37' title="bbox 201 2192 875 2243; baseline 0.004 -14"><span class='ocrx_word' id='word_1_159' title='bbox 201 2192 370 2239; x_wconf 87' lang='lat' dir='ltr'>Interim,</span> <span class='ocrx_word' id='word_1_160' title='bbox 391 2193 481 2230; x_wconf 91' lang='lat' dir='ltr'>dum</span> <span class='ocrx_word' id='word_1_161' title='bbox 498 2198 543 2232; x_wconf 85' lang='lat' dir='ltr'>tu</span> <span class='ocrx_word' id='word_1_162' title='bbox 561 2193 699 2231; x_wconf 87' lang='lat' dir='ltr'>celeres</span> <span class='ocrx_word' id='word_1_163' title='bbox 719 2193 875 2243; x_wconf 84' lang='lat' dir='ltr'>sagittas</span> 
     </span>
     <span class='ocr_line' id='line_1_38' title="bbox 198 2245 958 2294; baseline 0.003 -11"><span class='ocrx_word' id='word_1_164' title='bbox 198 2245 357 2292; x_wconf 89' lang='lat' dir='ltr'>Promis,</span> <span class='ocrx_word' id='word_1_165' title='bbox 377 2246 469 2284; x_wconf 86' lang='lat' dir='ltr'>haec</span> <span class='ocrx_word' id='word_1_166' title='bbox 488 2247 621 2285; x_wconf 86' lang='lat' dir='ltr'>dentes</span> <span class='ocrx_word' id='word_1_167' title='bbox 640 2247 742 2285; x_wconf 85' lang='lat' dir='ltr'>acuit</span> <span class='ocrx_word' id='word_1_168' title='bbox 760 2247 958 2294; x_wconf 85' lang='lat' dir='ltr'>timendos,</span> 
     </span>
     <span class='ocr_line' id='line_1_39' title="bbox 200 2299 835 2351; baseline 0.003 -15"><span class='ocrx_word' id='word_1_169' title='bbox 200 2299 358 2338; x_wconf 84' lang='lat' dir='ltr'>Arbiter</span> <span class='ocrx_word' id='word_1_170' title='bbox 375 2312 527 2351; x_wconf 87' lang='lat' dir='ltr'>pugnae</span> <span class='ocrx_word' id='word_1_171' title='bbox 545 2300 711 2350; x_wconf 86' lang='lat' dir='ltr'>posuisse</span> <span class='ocrx_word' id='word_1_172' title='bbox 730 2301 835 2338; x_wconf 88' lang='lat' dir='ltr'>nudo</span> 
     </span>
     <span class='ocr_line' id='line_1_40' title="bbox 414 2354 789 2404; baseline -0.003 -12"><span class='ocrx_word' id='word_1_173' title='bbox 414 2354 494 2392; x_wconf 86' lang='lat' dir='ltr'>Sub</span> <span class='ocrx_word' id='word_1_174' title='bbox 512 2354 610 2404; x_wconf 89' lang='lat' dir='ltr'>pede</span> <span class='ocrx_word' id='word_1_175' title='bbox 627 2355 789 2404; x_wconf 85' lang='lat' dir='ltr'>palmam</span> 
     </span>
     <span class='ocr_line' id='line_1_41' title="bbox 198 2405 820 2454; baseline 0.005 -11"><span class='ocrx_word' id='word_1_176' title='bbox 198 2405 348 2454; x_wconf 84' lang='lat' dir='ltr'>Fertur,</span> <span class='ocrx_word' id='word_1_177' title='bbox 368 2412 408 2447; x_wconf 84' lang='lat' dir='ltr'>et</span> <span class='ocrx_word' id='word_1_178' title='bbox 424 2407 501 2446; x_wconf 88' lang='lat' dir='ltr'>leni</span> <span class='ocrx_word' id='word_1_179' title='bbox 519 2420 688 2446; x_wconf 85' lang='lat' dir='ltr'>recreare</span> <span class='ocrx_word' id='word_1_180' title='bbox 705 2414 820 2446; x_wconf 81' lang='lat' dir='ltr'>vento</span> 
     </span>
    </p>
   </div>
   <div class='ocr_carea' id='block_1_8' title="bbox 1235 595 1285 632">
    <p class='ocr_par' dir='ltr' id='par_1_19' title="bbox 1235 595 1285 632">
     <span class='ocr_line' id='line_1_42' title="bbox 1235 595 1285 632; baseline 0 0"><span class='ocrx_word' id='word_1_181' title='bbox 1235 595 1285 632; x_wconf 90' lang='grc'>10</span> 
     </span>
    </p>
   </div>
   <div class='ocr_carea' id='block_1_9' title="bbox 1237 860 1287 899">
    <p class='ocr_par' dir='ltr' id='par_1_20' title="bbox 1237 860 1287 899">
     <span class='ocr_line' id='line_1_43' title="bbox 1237 860 1287 899; baseline 0.02 -1"><span class='ocrx_word' id='word_1_182' title='bbox 1237 860 1287 899; x_wconf 84' lang='grc'>15</span> 
     </span>
    </p>
   </div>
   <div class='ocr_carea' id='block_1_10' title="bbox 1231 2249 1281 2287">
    <p class='ocr_par' dir='ltr' id='par_1_21' title="bbox 1231 2249 1281 2287">
     <span class='ocr_line' id='line_1_44' title="bbox 1231 2249 1281 2287; baseline 0.02 -1"><span class='ocrx_word' id='word_1_183' title='bbox 1231 2249 1281 2287; x_wconf 89' lang='grc'>10</span> 
     </span>
    </p>
   </div>
  </div>
 </body>
</html>
