1475 2712
545 236 755 264 CARMLNUM
782 236 810 262 1.

425 333 512 372 ODE
541 331 712 370 V.-Acz
726 332 939 384 ’Pyrrham

196 416 298 461 Qms
321 415 430 452 multa
450 413 587 462 gracilis
605 420 640 450 te
657 425 748 462 puer
765 412 801 448 in
822 424 902 448 rosa

196 468 368 506 Perfusus
382 466 521 517 liquidis
540 473 666 515 urguet
684 465 852 503 odoribus

309 521 431 568 Grato,
448 519 598 569 Pyrrha,
618 519 684 557 sub
704 525 805 556 antro
824 519 844 556 ἶ)

333 574 405 612 Cui
426 574 562 611 flavam
583 574 709 622 religas
728 584 888 618 comam,

199 629 362 678 Simplex
381 627 563 665 munditiis
582 627 596 664 'l
623 625 696 664 heu
714 626 721 664 !
752 626 891 676 quoties
915 623 1024 661 fidem

200 682 433 731 Mutatosque
453 681 539 718 deos
558 680 669 726 flebit,
689 687 725 717 et
740 691 868 729 aspera

307 735 426 784 Nigris
454 747 611 784 aequora
629 734 747 770 ventis

339 788 561 826 Emirabitur
580 788 748 834 insolens,

196 843 270 888 Qui
291 855 388 880 nune
405 849 440 879 te
460 841 586 879 fruitur
605 841 771 878 credulus
788 851 900 877 aurea
925 853 934 885 3

203 897 277 942 Qui
297 908 440 945 semper
458 908 632 942 vacuam,
651 906 794 944 semper
813 893 1022 938 amabilem,

308 949 449 998 Sperat,
470 950 615 986 nescius
636 960 744 985 aurae

329 1003 513 1041 Fallacis!
545 1001 685 1048 Miseri,
707 1001 838 1050 quibus

203 1055 383 1094 Intentata
403 1057 518 1094 nites!
548 1053 628 1101 Me,
650 1055 772 1092 tabula
790 1066 893 1092 sacer

203 1109 334 1147 Votiva
354 1110 469 1159 paries
487 1108 635 1153 indicat,
655 1108 766 1146 uvida

310 1162 551 1212 Suspendisse
569 1163 706 1211 potenti

336 1215 566 1254 Vestimenta
587 1217 696 1253 maris
716 1214 797 1252 deo,

410 1357 499 1396 ODE
528 1357 720 1396 VL-Ad
736 1357 961 1408 Ayrippam.

206 1460 419 1499 Scmssssms
441 1462 552 1499 Vario
572 1461 668 1499 fortis
686 1467 722 1498 et
738 1460 897 1498 hostium

207 1515 342 1562 Victor,
362 1515 526 1553 Maeonii
548 1516 720 1553 carminis
740 1515 836 1561 alite,

207 1569 332 1615 Quam
352 1582 428 1607 rem
449 1582 610 1619 cumque
628 1569 740 1614 ferox,
756 1567 914 1605 navibus
934 1573 997 1605 aut
1015 1567 1131 1615 equis,

313 1623 434 1669 Miles,
454 1632 488 1660 te
504 1624 609 1670 duee,
631 1621 790 1672 gesserit.

206 1675 297 1721 Nos,
314 1677 486 1726 Agrippa,
509 1689 625 1726 neque
647 1675 739 1712 haec
758 1675 891 1719 dicere,
913 1685 982 1710 nec
1002 1685 1148 1722 gravem

207 1729 352 1767 Pelidae
372 1730 621 1777 stomachum,
641 1728 770 1766 cedere
791 1727 916 1773 nescii,

203 1783 286 1821 Nee
306 1796 433 1821 cursus
452 1784 606 1833 duplicis
625 1794 689 1832 per
709 1793 808 1818 mare
828 1781 964 1826 Ulixei,

315 1836 397 1874 Nec
418 1849 567 1876 saevam
589 1836 732 1884 Pelopis
751 1834 914 1880 domum,

208 1889 409 1938 conamur,
429 1899 554 1928 tenues
572 1889 717 1938 grandia
737 1900 746 1925 :
770 1887 857 1925 dum
878 1887 1003 1936 pudor,

209 1944 441 1995 Imbellisque
461 1946 561 1995 lyrae
584 1942 694 1981 Musa
717 1948 857 1992 potens,
880 1947 975 1978 vetat

207 1997 350 2035 Laudes
367 2001 493 2048 egregii
515 1997 693 2043 Caesaris,
713 2001 749 2032 et
766 2002 860 2043 tuas,

312 2052 429 2102 Culpa
443 2053 601 2090 deterere
616 2051 751 2099 ingeni.

210 2105 306 2150 Quis
323 2105 482 2144 Martem
501 2106 624 2143 tunica
643 2109 780 2140 tectum
801 2102 1036 2139 adamantina

212 2158 329 2209 Digne
350 2160 529 2209 scripserit
547 2160 566 2196 ἶ)
593 2164 656 2194 aut
674 2157 824 2206 pulvere
845 2155 978 2192 Troico

222 2215 369 2262 Nigrum
392 2212 584 2250 Merionen
599 2211 619 2249 ἑ)
639 2217 701 2248 aut
718 2222 787 2259 ope
808 2208 963 2246 Palladis

317 2265 482 2316 Tydiden
502 2265 641 2315 superis
658 2275 785 2313 parem
803 2263 823 2301 i>

217 2322 295 2360 Nos
315 2320 499 2365 convivia,
520 2331 586 2356 nos
605 2317 740 2368 proelia
760 2317 938 2364 virginum

217 2376 332 2413 Sectis
351 2376 385 2411 in
401 2372 558 2422 juvenes
577 2370 756 2420 unguibus
776 2370 914 2406 aerium

215 2430 433 2472 Cantemus,
453 2426 574 2473 vacui,
591 2426 667 2462 sive
688 2423 775 2473 quid
794 2424 942 2470 urimur,

319 2481 405 2521 Non
426 2486 565 2530 praeter
581 2480 725 2518 solitum
745 2478 856 2516 leves.

1232 888 1276 924 10

1240 1943 1284 1978 10

1241 2208 1287 2245 15
