1475 2712
495 213 705 242 cmunmu
721 212 780 239 111.

158 312 326 357 Coelum,
348 316 486 360 negata
503 313 628 348 tentat
640 310 714 346 iter
732 309 814 352 via3

212 365 424 413 Coetusque
442 363 627 411 vulgares,
648 366 687 399 et
705 362 817 398 udam

262 417 413 468 Spernit
429 417 585 453 humum
602 415 772 464 fugiente
790 427 925 464 penna.

159 472 228 510 Est
246 477 284 509 et
303 470 404 508 fideli
422 474 506 508 tuta
524 469 673 506 silentio

162 525 326 562 Merces:
356 523 502 567 vetabo,
525 523 589 571 qui
610 521 757 558 Cereris
773 533 918 558 sacrum

211 577 386 626 Vulgarit
405 587 574 621 arcanae,
595 576 664 612 sub
681 575 798 611 isdem

263 630 320 668 Sit
338 629 516 674 trabibus,
537 629 782 677 fragilemque
800 639 945 664 mecum

157 684 285 721 Solvat
301 683 491 733 phaselon.
546 681 664 730 Saepe
684 681 886 729 Diespiter,

155 737 370 785 Neglectus‚
390 736 533 773 incesto
552 735 700 772 addidit
717 735 906 782 integrum
928 750 936 771 z

209 790 313 827 Raro
332 789 617 827 antecedentem
638 787 833 825 scelestum

261 843 443 881 Deseruit
461 842 558 892 pede
580 841 706 879 Poena
726 841 874 878 claudo.

543 920 632 958 ODn
663 919 734 957 III.

153 999 177 1036 J
182 1008 311 1036 USTUM
330 1003 368 1036 et
386 1004 556 1036 tenacem
575 997 758 1047 propositi
775 997 896 1033 virum

152 1052 242 1089 Non
262 1051 398 1088 civium
418 1052 530 1088 ardor
549 1063 663 1100 prava
676 1050 905 1099 jubentium,

206 1105 295 1141 Non
315 1105 441 1142 vultus
460 1105 634 1142 instantis
654 1103 807 1153 tyranni

257 1157 388 1195 Mente
407 1158 528 1206 quatit
547 1157 676 1201 solida,
693 1169 815 1206 neque
835 1159 986 1200 Auster,

154 1212 244 1249 Dux
261 1210 419 1260 inquieti
434 1211 607 1248 turbidus
628 1210 808 1254 Hadriae,

153 1265 234 1302 Nec
250 1264 483 1302 fulminantis
502 1276 639 1312 magna
650 1276 783 1300 manus
800 1263 907 1300 Jovis
923 1276 932 1299 t

206 1317 246 1355 Si
263 1317 404 1356 fractus
422 1317 599 1355 illabatur
618 1317 729 1362 orbis,

259 1370 494 1420 Impavidum
513 1371 648 1408 ferient
668 1371 812 1408 ruinae.

154 1424 239 1461 Hac
257 1430 339 1462 arte
354 1424 500 1469 Pollux,
521 1429 560 1462 et
586 1436 704 1472 vagus
725 1423 923 1468 Hercules,

150 1477 301 1522 Enisus‚
318 1490 422 1514 arces
436 1477 564 1525 attigit
582 1477 712 1525 igneas
729 1490 737 1514 :

204 1530 309 1575 Quos
328 1531 427 1568 inter
446 1531 626 1579 Aug-utus
645 1530 864 1568 recumbens

259 1583 455 1633 Purpureo
472 1584 569 1622 bibit
588 1596 652 1621 ore
670 1590 812 1621 nectar.

148 1636 234 1674 Hac
253 1642 293 1675 te
310 1642 526 1682 merentem,
549 1637 697 1674 Bacche
715 1642 832 1686 pater,
852 1642 941 1675 tuae

152 1690 299 1728 Vexere
316 1691 444 1739 tigreS,
465 1691 619 1729 indocili
631 1690 769 1739 jugum

205 1743 313 1781 Collo
327 1744 519 1782 trahentes
541 1757 549 1781 3
578 1744 649 1781 hac
670 1743 852 1796 Quirinus

254 1796 388 1835 Martis
408 1798 512 1846 equis
531 1797 750 1834 Acheronta
769 1796 869 1846 fugit
890 1809 899 1843 3

151 1850 312 1887 Gratum
331 1850 479 1888 elocuta
497 1850 782 1888 consiliantibus

151 1902 303 1941 Junone
324 1903 433 1941 Divis
448 1903 623 1949 z—Ilion,
647 1903 744 1941 Ilion

207 1956 345 1994 Fatalis
363 1957 606 2007 incestusque
619 1956 743 2006 judex

256 2010 306 2048 Et
325 2010 458 2048 mulier
475 2011 674 2060 peregrina
688 2010 803 2049 vertit

150 2062 196 2100 ln
213 2063 405 2113 pulverem
426 2077 434 2108 ;
465 2076 512 2101 ex
531 2076 606 2113 quo
625 2064 801 2102 destituit
819 2064 910 2102 deos

151 2116 327 2155 Mercede
345 2120 455 2166 pacta
473 2116 707 2161 Laomedon,
727 2117 819 2154 mihi

201 2170 411 2219 castaeque
430 2169 650 2208 damnatum
670 2171 876 2216 Minervae,

257 2223 354 2262 Cum
372 2223 512 2273 populo
525 2227 563 2261 et
582 2223 678 2261 duce
695 2224 949 2263 fraudulento.

146 2277 171 2315 J
175 2289 234 2314 am
252 2289 322 2314 nec
342 2276 536 2314 Lacaenae
555 2276 728 2326 splendet
746 2277 941 2316 adulterae

150 2330 330 2368 Famosus
347 2330 484 2379 hospes
503 2343 513 2375 ;
540 2342 611 2367 nec
632 2330 771 2368 Priami
791 2330 925 2369 domus

201 2383 358 2432 Perjura
373 2395 564 2432 pugnaces
583 2383 749 2421 Achivos

258 2435 457 2477 Hectoreis
475 2437 608 2488 opibus
621 2437 796 2488 refringit
811 2449 820 2475 :

1175 198 1226 232 45

1177 730 1228 767 30

1174 1478 1223 1515 10

1175 1746 1223 1782 15

1171 2281 1221 2317 25
