1414 2666
138 168 190 205 20
604 175 815 205 cARmNUM
834 174 864 202 1.

299 275 457 321 Morem,
479 274 809 323 verecundumque
829 272 1019 310 Bacchum

353 328 578 378 Sanguineis
596 328 794 377 prohibete
808 327 915 364 rixis.

245 383 348 422 Vino
368 388 406 421 et
425 382 588 420 lucernis
607 381 742 419 Medus
764 381 932 418 acinaces

245 437 417 475 Immane
435 440 618 486 quantum
639 435 826 484 discrepat
846 434 855 472 ἶ
884 432 1042 483 impium

300 491 437 528 Lenite
456 490 669 535 clamorem,
690 488 848 533 sodales,

355 543 408 582 Et
427 544 555 581 cubito
574 547 765 580 remanete
784 553 923 591 presso.

245 597 374 636 Vultis
393 597 512 635 severi
536 609 594 633 me
613 607 762 645 quoque
781 607 928 632 sumere

246 651 399 690 Partem
419 650 568 688 Falerni
587 649 608 687 ἱ)
634 649 735 688 dicat
755 648 950 698 Opuntiae

296 705 430 743 Frater
450 704 639 753 Megillae‚
661 715 735 751 quo
755 704 888 740 beatus

354 759 534 804 Vulnere,
556 770 630 807 qua
649 762 778 806 pereat
797 755 946 804 sagitta.

246 812 381 851 Cessat
400 813 573 850 voluntas
593 811 612 848 i>
641 822 719 847 non
738 809 811 846 alia
823 809 952 845 bibam

245 866 437 904 Mercede.
495 865 603 910 Quae
623 868 662 902 te
681 874 843 912 cumque
858 862 989 900 domat
1007 860 1151 909 Venus,

298 920 389 957 Non
408 917 670 956 erubescendis
689 917 816 954 adurit

355 973 524 1022 Ignibus,
543 972 783 1021 ingenuoque
803 982 950 1020 semper

248 1026 393 1064 Amore
411 1039 554 1076 peccas.
614 1023 811 1073 Quidquid
825 1023 951 1071 habes,
973 1031 1054 1073 age,

245 1082 407 1130 Depone
428 1080 520 1119 tutis
539 1077 824 1116 auribus—Ah
844 1077 967 1123 miser,

300 1135 454 1179 Quanta
472 1133 667 1171 laborabas
689 1131 904 1181 Charybdi!

353 1188 482 1237 Digne
501 1199 594 1237 puer
614 1186 768 1223 meliore
786 1185 947 1222 flamma.

244 1243 353 1289 Quae
371 1254 472 1291 saga,
493 1240 576 1290 quis
595 1245 633 1278 te
653 1240 796 1277 solvere
816 1238 1004 1276 Thessalis

249 1297 388 1344 Magus
407 1295 572 1340 venenis,
593 1293 675 1342 quis
695 1293 830 1342 poterit
849 1293 942 1330 deus
961 1291 981 1330 P

296 1350 372 1387 Vix
395 1349 582 1397 illigatum
602 1354 641 1385 tc
660 1346 821 1384 triformi

354 1402 522 1452 Pegasus
542 1398 719 1450 expediet
739 1399 951 1437 Chimaera.

457 1506 547 1545 Omz
568 1504 1008 1557 XXVIII.-Archytas.

138 1614 197 1653 ΤΕ
217 1615 330 1652 maris
349 1617 388 1652 et
406 1617 539 1658 terrae,
561 1623 795 1660 numeroque
810 1610 972 1648 carentis
991 1623 1136 1656 arenae,

297 1668 510 1706 Mensorem
531 1666 721 1711 cohibent,
743 1664 926 1714 Archyta,

137 1722 307 1762 Pulveris
327 1721 455 1770 exigui
474 1732 590 1771 prope
604 1719 695 1758 litus
713 1731 829 1768 parva
849 1718 1037 1756 Matinum

297 1776 480 1819 Munera3
508 1786 576 1811 nec
597 1773 800 1822 quidquam
819 1772 890 1810 tibi
908 1772 1064 1822 prodest

134 1831 267 1869 Aerias
286 1833 451 1867 tentasse
466 1828 608 1872 domos,
629 1827 828 1874 animoque
846 1825 1052 1864 rotundum

293 1882 523 1921 Percurrisse
541 1881 683 1930 polum,
703 1879 954 1917 morituro.—

135 1937 287 1977 Occidit
307 1942 345 1974 et
366 1936 515 1985 Pelopis
534 1934 695 1984 genitor,
717 1933 876 1970 conviva
894 1933 1050 1971 deorum
1066 1946 1075 1975 ;

296 1990 569 2037 Tithonusque,
589 1991 758 2025 remotus
776 1986 818 2024 in
837 1999 970 2031 auras;

134 2046 199 2093 Et,
218 2045 245 2083 J
247 2044 326 2083 ovis
344 2043 500 2087 arcanis,
521 2042 659 2087 Minos,
679 2041 887 2079 admissus:
916 2040 1134 2090 habentque

297 2098 457 2136 Tartara
474 2095 724 2141 Panthoiden,
736 2095 874 2142 iterum
895 2093 997 2132 Orco

135 2153 355 2192 Demissum
374 2165 384 2196 ;
414 2151 595 2200 quamvis,
616 2149 749 2200 clypeo
768 2148 934 2198 Trojana
950 2148 1069 2186 refixo

297 2206 486 2255 Tempora
504 2208 677 2249 testatus,
697 2202 792 2240 nihil
810 2203 912 2242 ultra

134 2261 282 2299 Nervos
302 2264 414 2309 atque
432 2263 554 2296 cutem
576 2256 689 2295 morti
708 2260 943 2295 concesserat
960 2260 1087 2300 atrae3

295 2314 322 2352 J
323 2313 433 2351 udice
451 2317 501 2359 te,
521 2324 599 2349 non
616 2310 790 2349 sordidus
809 2315 942 2348 auctor

135 2368 306 2408 Naturae
323 2367 488 2416 verique.
545 2365 621 2404 Sed
640 2376 768 2414 omnes
781 2372 859 2402 una
873 2367 1002 2403 manet
1014 2375 1101 2412 nox,

295 2413 347 2460 Et
365 2419 545 2459 calcanda
562 2418 677 2458 semel
694 2418 755 2456 via
772 2417 853 2457 leti.

1274 647 1325 684 10

1275 914 1325 953 15

1271 1184 1323 1222 20

1294 1826 1318 1863 (π

1267 2095 1317 2133 10

1215 2361 1319 2408 .15
