1475 2712
496 208 710 238 cfflmmm
737 209 796 237 111.

331 304 420 343 01>ss
439 303 729 343 xxva-Ad
746 303 954 344 Galateam.

156 371 301 408 IMPIOS
318 382 450 421 parrae
467 369 670 407 recinentis
691 382 805 407 omen

161 424 300 470 Ducat,
322 429 360 462 et
378 435 589 473 praegnans
608 422 722 469 canis,
744 427 811 462 aut
829 424 878 462 ab
895 435 987 474 agro

161 477 271 515 Rava
291 477 493 515 decurrens
507 477 596 526 lupa
614 475 826 523 Lanuvino,

373 530 540 579 Fetaque
559 529 713 578 vulpes:

161 585 330 634 Rumpat
349 587 387 622 et
405 596 557 633 serpens
568 583 642 621 iter
655 583 888 629 institutum,

161 638 202 675 Si
220 650 287 687 per
306 636 498 685 obliquum
517 636 646 674 similis
666 636 827 685 sagittae

160 691 315 730 Terruit
333 703 501 728 mannos.
560 689 647 739 Ego
666 690 728 728 cui
746 690 898 736 timebo,

369 743 553 781 Providus
571 755 725 793 auspex,

158 799 376 847 Antequam
395 801 537 835 stantes
555 801 703 845 repetat
720 796 877 847 paludes

162 851 345 889 Imbrium
364 851 492 888 divina
511 850 589 888 avis
607 850 883 895 munimntum,

161 904 338 942 Oscinem
358 917 513 942 corvum
532 916 645 953 prece
665 904 855 942 suscitabo

372 958 470 995 Solis
488 958 536 995 ab
552 962 654 995 ortu.

161 1011 232 1057 Sis,
252 1011 352 1056 licet,
374 1010 475 1057 felix,
496 1010 723 1060 ubicumque
741 1011 870 1056 mavis,

161 1065 214 1103 Et
232 1076 374 1101 memor
394 1064 528 1110 nostri,
550 1064 722 1110 Galatea,
739 1064 863 1102 vivas:

157 1118 288 1167 Teque
306 1129 375 1154 nec
395 1118 523 1155 laevus
541 1122 644 1156 vetet
662 1117 717 1155 ire
734 1118 851 1167 picus,

370 1171 451 1208 Nec
472 1183 569 1219 vaga
587 1171 729 1209 cornix.

157 1223 235 1263 Sed
253 1223 369 1268 vides,
391 1230 535 1273 quanto
553 1224 718 1273 trepidet
732 1224 900 1263 tumultu

159 1279 308 1316 Pronus
328 1277 449 1315 Orion
468 1277 488 1314 Ρ
544 1275 642 1326 Ego,
663 1277 758 1327 quid
779 1278 828 1316 sit
847 1283 928 1316 ater

159 1331 342 1377 Hadriae,
363 1331 462 1377 novi,
480 1331 596 1376 sinus,
618 1338 656 1368 et
675 1331 771 1381 quid
791 1331 899 1369 albus

378 1384 513 1422 Peccet
530 1383 663 1433 Iapyx.

161 1438 343 1476 Hostium
362 1450 499 1475 uxores
518 1438 701 1486 puerique
720 1450 851 1475 caecos

162 1492 339 1530 Sentiant
357 1496 482 1528 motus
502 1490 657 1528 orientis
676 1491 820 1538 Austri,
843 1496 882 1529 et

164 1545 354 1595 Aequoris
374 1544 474 1593 nigri
493 1544 697 1591 fremitum,
716 1550 755 1583 et
774 1549 981 1583 trementes

378 1598 546 1635 Verbere
565 1598 676 1647 ripas.

165 1652 228 1690 Sic
247 1656 286 1690 et
306 1652 458 1701 Europe
471 1651 624 1688 niveum
643 1651 774 1689 doloso

166 1705 340 1744 Credidit
358 1709 468 1743 tauro
487 1705 597 1750 latus,
619 1709 658 1742 et
677 1709 884 1744 scatentem

163 1758 305 1797 Belluis
325 1763 496 1809 pontum,
517 1758 735 1808 mediasque
753 1759 917 1805 fraudes,

376 1811 518 1849 Palluit
537 1811 674 1849 audax.

160 1866 294 1914 Nuper
311 1865 351 1902 in
370 1864 488 1914 pratis
507 1865 676 1903 studiosa
692 1865 838 1912 florum,
860 1870 899 1903 et

162 1919 325 1957 Debitae
342 1918 532 1968 Nymphis
547 1918 673 1968 opifex
692 1931 863 1965 coronae,

163 1973 288 2011 Nocte
308 1972 488 2010 sublustri
505 1972 601 2009 nihil
620 1977 722 2011 astra
739 1978 890 2023 praeter

377 2026 486 2063 Vidit
506 2030 544 2063 et
560 2026 696 2063 undas.

167 2080 277 2126 Quae
296 2079 406 2117 simul
425 2083 576 2117 centum
595 2080 725 2128 tetigit
743 2084 939 2129 potentem

161 2133 322 2183 oppidis
343 2132 482 2170 Creten
503 2132 696 2178 ;—Pater,
717 2144 740 2171 o
758 2134 933 2172 relictum

169 2187 289 2225 Filiae
304 2199 453 2231 nomen,
468 2186 674 2236 pietasque,
695 2187 806 2232 dixit,

378 2240 493 2277 Victo
512 2240 640 2277 furore
656 2240 665 2278 Ξ

167 2292 281 2332 Unde
295 2293 316 2331 ⁴?
343 2306 418 2343 quo
437 2292 524 2330 veni
543 2292 562 2330 i>
590 2293 703 2331 Levis
722 2306 798 2331 una
816 2307 916 2335 mors
936 2299 993 2333 est

158 2347 362 2396 Virginum
381 2346 525 2396 culpae.
581 2345 804 2395 Vigilansne
822 2348 931 2398 ploro

165 2401 295 2452 Turpe
307 2401 557 2445 commissum,
571 2412 621 2438 an
639 2400 740 2439 vitiis
752 2406 942 2441 carentem

378 2453 499 2493 Ludit
517 2453 642 2504 imago

1191 197 1243 236 65

1189 850 1239 887 10

1193 1383 1244 1421 20

1194 1921 1246 1959 30

1196 2188 1248 2227 35

1185 2457 1238 2496 40
