1475 2712
459 209 654 237 AENEIDOS
681 208 740 235 111.
813 238 819 248 ,
1134 197 1185 235 45

14 307 119 356 Ergo
138 306 247 356 agite,
269 310 318 352 et,
338 306 460 343 divom
480 305 624 342 ducunt
643 316 715 352 qua
727 303 844 352 jussa,
864 315 1084 352 sequamur:

16 359 210 398 Placemus
228 366 370 404 ventos,
391 365 428 396 et
450 359 593 395 Gnosia
611 369 727 405 regna
745 362 928 405 petamus.
1107 357 1184 394 115

14 412 96 450 Nec
113 413 227 462 longo
245 414 387 450 distant
406 424 515 448 cursu
535 423 543 447 :
572 411 684 448 modo
702 410 727 447 J
731 410 854 458 upiter
873 411 982 455 adsit,

14 465 144 504 Tertia
161 467 226 504 lux
244 467 395 505 classem
417 464 582 502 Cretaeis
601 465 706 502 sistet
724 464 763 499 iu
783 464 870 500 oris.

12 518 73 557 Sic
90 519 200 566 fatus,
221 519 461 560 meritosaris
481 518 656 566 mactavit
674 517 842 562 honores,

13 572 180 610 Taurum
200 573 388 622 Neptuno,
411 578 559 610 taurum
580 572 660 615 tibi,
680 571 833 620 pulcher
853 568 1016 618 Apollo;

12 625 170 674 Nigram
188 626 314 664 Hiemi
333 625 524 674 pecudem,
546 625 728 674 Zephyris
746 624 914 660 felicibus
935 625 1067 661 albam.
1104 623 1180 660 120

65 679 180 716 Fama
198 680 309 721 volat,
333 679 480 728 pulsum
501 679 620 725 regnis
639 679 788 715 cessisse
808 678 971 725 paternis

12 731 213 770 Idomenea
232 733 377 775 ducem,
399 733 617 780 desertaque
635 731 764 768 littora
783 731 916 767 Cretae
932 744 940 773 3

11 784 135 823 Hoste
152 798 284 823 vacare
303 786 443 831 domos,
464 786 642 833 sedesque
660 785 808 824 adstare
827 785 986 821 relictas.

8 838 230 888 Linquimus
251 839 435 888 Ortygiae
454 846 594 887 portus,
616 839 823 887 pelagoque
843 837 1018 880 volamus,

9 891 306 942 Baechatamque
318 893 421 941 jugis
443 893 588 938 Naxon,
609 892 837 940 viridemque
857 891 1064 935 Donusam,
1103 889 1179 927 125

8 944 182 989 Olearon,
202 946 421 994 niveamque
443 946 575 990 Paron,
597 958 814 995 sparsasque
834 957 898 992 per
917 956 1054 992 aequor

5 997 199 1048 Cycladas,
220 1005 258 1037 et
277 1000 414 1036 crebris
434 1001 590 1047 legimus
609 1001 703 1036 freta
722 999 866 1036 concita
884 999 1006 1036 terris.

1 1051 185 1090 Nauticus
204 1053 370 1090 exoritur
390 1054 490 1090 vario
510 1053 711 1090 certamine
729 1053 865 1088 elamor
882 1065 890 1088 :

0 1104 216 1142 Hortantur
234 1107 336 1150 socii,
357 1106 506 1143 Cretam
526 1118 758 1154 proavosque
777 1111 958 1154 petamus.

0 1157 252 1207 Prosequitur,
273 1171 428 1207 surgens
447 1172 469 1196 a
487 1160 614 1208 puppi,
637 1163 770 1195 ventus
790 1158 934 1203 euntis,
968 1190 972 1194 .
1096 1157 1173 1194 130

0 1211 51 1249 Et
70 1212 221 1249 tandem
241 1213 402 1260 antiquis
424 1213 604 1249 Curetum
624 1212 834 1248 adlabimur
853 1212 938 1249 oris.

51 1264 154 1313 Ergo
167 1266 298 1302 avidus
318 1279 443 1303 muros
462 1271 613 1314 optatae
633 1265 763 1302 molior
775 1266 886 1309 urbis,

0 1317 307 1368 Pergameamque
325 1332 441 1363 voeo;
472 1327 520 1364 et,
543 1320 676 1357 laetam
696 1319 929 1367 cognomine,
950 1322 1100 1366 gentem

0 1370 141 1410 Hortor
160 1385 282 1409 amare
301 1373 414 1418 focos,
434 1385 628 1420 arcemque
647 1373 819 1410 attollere
838 1373 958 1409 tectis.

0 1424 153 1474 Jamque
170 1425 248 1462 fere
267 1426 363 1463 sicco
382 1427 588 1463 subductae
607 1426 732 1463 littore
752 1438 893 1474 puppes
910 1438 919 1469 ;
1093 1423 1170 1462 135

0 1477 200 1516 Connubiis
219 1480 388 1528 arvisque
406 1480 511 1516 novis
531 1486 683 1528 operata
696 1479 899 1527 juventus:

0 1531 87 1568 Jura
105 1532 306 1580 domosque
323 1533 456 1569 dabam
475 1547 483 1570 ε
514 1534 638 1570 subito
657 1545 772 1581 quum
791 1533 920 1570 tabida
940 1531 1124 1577 membris,

0 1584 181 1633 Corrupto
200 1586 290 1622 coeli
313 1593 446 1629 tractu,
468 1587 749 1634 miserandaque
768 1586 871 1623 venit

0 1638 277 1687 Arboribusque
296 1640 459 1688 satisque
478 1641 567 1684 lues,
589 1646 628 1676 et
647 1640 768 1676 letifer
785 1652 918 1676 annus.

0 1690 229 1740 Linquebant
247 1693 364 1730 duleis
385 1693 537 1736 animas,
557 1698 623 1730 aut
643 1705 757 1740 aegra
779 1693 980 1730 trahebant
1089 1691 1168 1728 140

0 1744 181 1794 Corpora:
212 1752 290 1782 tum
311 1746 446 1783 sterilis
465 1759 620 1783 exurere
641 1746 757 1783 Sirius
775 1758 908 1794 agros;

0 1799 157 1836 &rebant
176 1799 322 1842 herbae,
345 1806 382 1837 et
403 1800 540 1841 vietum
562 1797 671 1847 seges
686 1812 797 1847 aegra
817 1800 992 1846 negabat.

0 1852 134 1889 Rursus
153 1852 201 1889 ad
221 1853 383 1889 oraclum
406 1852 599 1901 Ortygiae,
627 1853 902 1901 Phoebumque,
923 1864 1093 1890 remenso

0 1905 176 1943 Hortatur
195 1913 300 1954 pater
314 1907 368 1943 ire
387 1907 490 1950 mari,
514 1907 732 1954 veniamque
751 1907 892 1954 precari
909 1919 917 1943 :

0 1958 109 2004 Quam
130 1959 230 1996 fessis
249 1960 360 1996 finem
380 1961 491 1996 rebus
509 1960 628 2003 ferat;
656 1960 757 1996 unde
774 1960 946 1996 laborum
1086 1958 1163 1995 145

0 2012 150 2050 ventare
169 2013 345 2049 auxilium
361 2013 503 2061 jubeat,
526 2025 598 2061 quo
619 2019 763 2050 vertere
782 2026 923 2050 cursus.
960 2017 964 2020 ”

38 2065 128 2102 Nox
147 2070 238 2110 erat,
263 2073 301 2103 et
320 2067 427 2103 terris
446 2066 618 2103 animalia
637 2079 787 2103 somnus
806 2066 968 2104 habebat
984 2080 993 2104 ε

0 2118 136 2167 Effigies
156 2131 281 2155 sacrae
299 2119 434 2163 divom,
457 2120 684 2169 Phrygiique
706 2119 877 2164 Penates,

0 2172 95 2221 Quos
117 2185 262 2209 mecum
283 2185 304 2209 a
323 2171 447 2220 Troja,
469 2174 671 2221 mediisque
690 2186 735 2210 ex
754 2173 903 2221 ignibus
921 2171 1036 2217 urbis,

0 2225 218 2269 Extuleram‚
242 2226 310 2262 visi
326 2231 414 2263 ante
432 2227 560 2263 oculos
580 2227 728 2263 adstare
741 2227 904 2275 jacentis
1083 2224 1161 2262 150

0 2278 178 2323 'nsomnis‚
201 2279 318 2316 multo
339 2279 523 2316 manifesti
542 2279 692 2324 lumine,
714 2292 786 2328 qua
805 2292 844 2316 se

0 2331 101 2370 ‚³lena
120 2345 185 2380 per
203 2331 360 2370 insertas
378 2332 560 2370 fundebat
579 2333 669 2370 luna
686 2333 878 2370 fenestras.

0 2384 82 2422 Pum
101 2386 153 2421 sie
172 2385 286 2429 affari,
308 2392 346 2423 et
365 2398 472 2422 ouras
491 2386 548 2423 his
567 2387 716 2422 demere
734 2386 844 2424 dietis
864 2399 873 2422 :

0 2437 99 2484 Quod
116 2438 197 2483 tibi,
218 2438 344 2476 delato
365 2439 577 2490 Ortygiam,
597 2439 767 2484 dicturus
786 2439 925 2490 Apollo
944 2445 1012 2486 est,
