1414 2666
136 162 160 199 8
531 170 569 195 P.
599 169 725 195 ovmn
751 168 915 196 NASONIS
1041 156 1047 161 '
1220 157 1317 210 [Lm.

190 268 304 306 Hane
322 266 432 305 simul
449 269 494 304 ut
511 266 625 313 noris,
647 266 882 313 officiumque
896 260 1032 304 meumss

137 321 328 370 Quicquid
345 320 484 369 ubique
498 320 614 366 vides,
633 320 778 365 eoelum,
799 332 914 364 mare,
934 318 1078 364 nubila,
1094 322 1226 366 terras,

190 375 329 414 Omnia
342 380 430 411 sunt
449 384 580 412 nostra
596 373 721 412 clausa
738 378 946 422 patentque
959 385 1087 411 manu.

135 431 201 469 Me
219 441 334 479 penes
353 433 410 465 est
424 440 541 464 unum
561 427 658 465 vasti
676 427 849 465 custodia
867 426 1023 464 mundi:

188 484 240 522 Et
252 482 316 531 jus
336 481 509 519 vertendi
527 481 689 518 cardinis
709 493 819 518 omne
838 493 962 517 meum
974 485 1046 520 est.
1235 478 1314 518 120

137 538 234 575 Cum
253 535 364 573 libuit
376 547 506 584 pacem
524 534 680 584 placidis
700 534 871 572 emittere
888 533 1010 581 tectis,

187 590 326 628 Libera
345 594 546 637 perpetuas
565 588 733 626 ambulat
750 588 816 625 illa
835 587 927 624 vias.

136 644 330 693 Sanguine
347 642 519 680 lethifero
539 646 643 680 totus
662 642 878 678 miscebitur
899 641 1010 687 orbis,

187 699 239 735 Ni
257 700 412 734 teneant
431 695 564 744 rigidae
579 696 731 733 condita
750 695 849 732 bella
863 706 966 731 serae.

134 751 323 790 Praesideo
341 749 483 787 foribus
502 749 584 786 coeli
603 762 687 787 cum
707 748 859 786 mitibus
878 747 996 786 Horis
1015 760 1024 785 ε
1239 746 1316 786 125

189 805 236 851 It,
258 804 357 841 redit
376 803 497 840 officio
515 803 667 851 Jupiter
686 803 764 851 ipse
783 814 881 838 ineo.

136 859 231 897 Inde
249 870 362 895 vocor
380 856 513 894 JanuS.
571 855 646 892 Cui
664 868 747 892 eum
770 854 925 892 Cereale
943 854 1115 892 sacerdos

189 911 354 961 Imponit
367 910 497 956 libum,
518 909 712 958 mixtaque
730 909 829 945 farra
848 908 924 945 sale
944 921 953 951 ;

136 966 301 1003 Nomina
318 963 458 1000 ridebis
478 975 486 1000 ε
517 963 629 1000 modo
649 975 810 1012 namque
827 961 1020 1000 Patulcius
1038 961 1150 1008 idem,

189 1019 242 1057 Et
264 1018 377 1055 niodo
392 1017 559 1054 sacrifico
581 1017 729 1053 Clusius
750 1029 814 1053 ore
828 1028 954 1053 vocor.
1237 1014 1315 1053 130

137 1073 287 1111 Scilicet
305 1072 450 1109 alterno
469 1070 589 1108 voluit
608 1070 712 1107 rudis
730 1070 795 1106 illa
813 1074 979 1107 vetustas

190 1126 353 1164 Nomine
369 1125 534 1162 diversas
552 1124 762 1173 significare
781 1123 893 1161 vices.

137 1181 206 1218 Vis
225 1192 307 1217 mea
325 1182 477 1216 narrata
496 1183 548 1216 est
568 1189 577 1213 z
606 1190 755 1215 causam
774 1190 876 1214 nune
896 1175 996 1213 disce
1013 1175 1159 1226 figurae.

189 1234 215 1271 J
219 1247 276 1271 am
291 1239 418 1271 tamen
436 1232 534 1269 hane
553 1232 677 1280 aliqua
696 1238 738 1268 tu
758 1243 907 1280 quoque
927 1235 1033 1279 parte
1049 1230 1167 1266 vides.

140 1288 272 1326 Omnis
280 1287 393 1324 habet
405 1286 584 1333 geminas,
595 1285 681 1321 hinc
689 1292 801 1333 atque
817 1284 914 1328 hinc,
931 1283 1050 1331 janua
1061 1284 1204 1321 frontes
1219 1297 1227 1322 :
1245 1283 1320 1322 135

194 1342 226 1378 Ε
246 1341 381 1390 quibus
399 1339 481 1376 haec
499 1339 679 1388 populum
695 1346 851 1387 spectat,
873 1346 912 1375 at
930 1337 995 1374 illa
1014 1336 1162 1375 Larem.

130 1395 271 1443 ,thue
291 1394 423 1430 sedens
443 1400 564 1430 vester
583 1391 693 1440 primi
713 1404 828 1440 prope
846 1391 977 1428 limina
995 1390 1086 1428 tecti
1126 1413 1127 1416 =

192 1448 339 1486 Janitor
359 1458 529 1494 egressus
548 1445 801 1493 introitusque
819 1444 922 1482 videt
942 1458 952 1482 ε

139 1503 202 1541 Sic
220 1514 291 1550 ego
309 1499 493 1550 prospicio
512 1499 670 1536 coelestis
682 1498 825 1546 janitor
844 1498 939 1535 auJae

194 1555 292 1593 ans
307 1560 432 1603 partes
455 1552 728 1601 Hesperiasque
747 1551 871 1589 simul.
1245 1551 1322 1590 140

142 1610 221 1647 Ora
239 1609 342 1645 vides
362 1607 527 1644 Hecates
545 1607 585 1642 in
604 1614 680 1644 tres
700 1605 895 1655 vergentia
913 1603 1051 1654 partes,

194 1663 326 1701 Servet
345 1666 388 1698 ut
406 1661 445 1696 in
465 1666 591 1698 ternas
610 1660 773 1708 compita
791 1663 893 1696 secta
911 1658 1000 1696 vias.

141 1717 192 1755 Et
210 1716 312 1760 mihi,
333 1727 381 1751 ne
399 1714 500 1751 flexu
519 1713 671 1750 cervicis
690 1722 860 1762 tempora
878 1712 1043 1761 perdam,

196 1770 359 1807 Cernere
374 1780 451 1805 non
469 1773 572 1805 moto
592 1779 748 1816 corpore
768 1767 858 1803 bina
875 1766 978 1804 licet.

143 1824 327 1866 Dixerat3
356 1827 395 1859 ct
413 1821 532 1865 vultu,
554 1821 584 1858 si
603 1821 711 1870 plura
727 1820 919 1869 requirere
935 1819 1081 1865 vellem,
1247 1819 1323 1858 145

195 1877 244 1915 Se
262 1875 353 1913 mihi
372 1875 561 1911 difficilem
580 1887 658 1911 non
673 1874 764 1919 fore,
784 1874 904 1910 fassus
923 1878 1016 1910 erat.

143 1930 267 1969 Sumsi
287 1929 463 1973 animum,
484 1932 686 1977 gratesque
704 1927 775 1964 deo
795 1939 872 1963 non
891 1926 1046 1964 territus
1065 1926 1149 1976 egi3

194 1984 395 2031 Verbaque
413 1994 506 2026 suni,
528 1987 712 2036 §pectanffi
736 1992 855 2030 pauca
868 1979 1029 2026 locutus,
1049 1980 1219 2018 humum.

142 2038 217 2076 Dic
236 2049 318 2085 age,
338 2035 541 2084 frigoribus
556 2047 671 2083 quare
690 2046 811 2071 novus
828 2033 963 2082 incipit
981 2046 1115 2080 annus,

196 2091 275 2136 Qui
288 2088 419 2126 melius
437 2100 505 2137 per
525 2101 588 2125 ver
606 2087 842 2136 incipiendus
861 2091 942 2125 erat
960 2086 980 2124 ἶ)
1250 2088 1327 2126 150

143 2144 283 2184 Omnia
300 2148 392 2181 tunc
411 2141 547 2180 florent
566 2155 575 2179 ;
604 2146 696 2179 tunc
714 2146 771 2179 est
789 2153 888 2178 nova
905 2141 1085 2190 temporis
1103 2146 1196 2180 aetas
1214 2155 1224 2179 ι

195 2197 247 2236 Et
265 2209 363 2234 nova
381 2196 428 2233 de
447 2195 606 2244 gravido
625 2194 779 2244 palmite
797 2207 947 2243 gemma
965 2199 1089 2233 tumet
1105 2207 1115 2232 t

145 2251 196 2290 Et
212 2250 326 2288 modo
344 2248 513 2287 formatis
531 2249 704 2286 amicitur
723 2248 921 2285 frondibus
940 2248 1071 2286 arbos:

196 2304 332 2342 Prodit
346 2308 384 2341 et
402 2303 442 2339 in
461 2315 648 2348 summum
665 2302 816 2340 seminis
834 2301 951 2339 herba
970 2301 1092 2339 solum
1111 2315 1122 2340 z

144 2359 196 2397 Et
213 2357 385 2407 tepidum
403 2356 573 2398 volucres
592 2356 837 2394 concentibus
855 2367 942 2392 aera
958 2354 1127 2395 mulcent
1144 2369 1154 2395 :
1245 2355 1322 2394 155

196 2411 316 2450 Ludit
334 2415 374 2448 et
389 2410 430 2447 in
447 2410 564 2460 pratis
582 2409 825 2460 luxuriatque
842 2421 968 2459 pecus.
