1414 2666
93 130 144 167 58

535 143 750 172 CARMINUM
777 143 834 170 111.

201 237 344 276 Tristes
362 240 541 277 excubiae
559 241 774 280 munierant
791 240 880 279 satis

301 291 508 331 Nocturnis
527 293 575 331 ab
593 294 774 333 adulteris
790 309 799 339 3

199 344 240 382 Si
258 358 336 383 non
354 346 554 394 Acrisium,
574 348 729 397 virginis
747 348 898 386 abditae

201 398 408 437 Custodem
427 401 615 450 pavidum,
635 402 788 452 Jupiter
807 408 845 441 et
863 401 994 440 Venus

200 452 389 491 Risissent
405 467 413 491 :
435 454 515 492 fore
533 456 632 493 enim
650 461 777 494 tutum
795 457 869 495 iter
888 460 926 494 et
944 460 1078 506 patens

309 506 501 546 Converso
519 508 560 546 in
578 510 740 559 pretium
759 510 845 548 deo.

199 560 348 597 Aurum
367 574 433 610 per
452 562 595 600 medios
611 563 667 601 ire
686 564 878 610 satellites,

200 612 251 651 Et
270 626 510 665 perrumpere
529 624 630 655 amat
648 629 736 656 saxa
754 616 947 667 potentius

196 667 280 705 Ictu
298 668 490 707 fulmineo.
547 670 723 710 Concidit
741 671 894 721 auguris

305 722 439 772 Argivi
460 724 604 770 domus,
625 726 674 763 ob
691 725 838 763 luorum

201 774 383 813 Demersa
402 777 529 815 exitio.
586 777 739 817 Diffidit
757 779 907 816 urbium

202 828 336 867 Portas
355 830 411 866 xir
432 830 603 876 Macedo,
624 837 661 870 et
680 832 828 870 subruit
852 832 1017 873 aemulos

253 883 380 931 Reges
399 884 628 922 muneribus.
684 885 846 923 Munera
864 885 1016 923 navium

309 936 447 974 Saevos
466 938 672 987 illaqueant
690 939 817 977 duces.

204 989 442 1028 Crescentem
463 993 632 1041 sequitur
651 1006 741 1031 cura
757 993 967 1043 pecuniam,

200 1043 463 1094 Majorumque
481 1045 611 1084 fames.
667 1047 692 1085 J
695 1060 761 1085 ure
780 1046 976 1097 perhorrui

254 1097 350 1136 Late
369 1099 612 1148 conspicuum
630 1101 763 1139 tollere
781 1101 969 1146 verticem,

311 1152 520 1199 Maecenas,
542 1154 712 1203 equitum
731 1155 857 1193 decus.

198 1205 353 1250 Quanto
373 1207 530 1257 quisque
550 1207 619 1246 sibi
637 1209 746 1258 plura
764 1207 969 1258 negaverit,

202 1259 265 1296 Ab
285 1259 342 1296 dis
361 1261 469 1309 plura
486 1261 594 1300 feret.
650 1262 717 1299 Nil
736 1262 968 1312 cupientium

257 1313 394 1351 Nudus
414 1319 535 1352 castra
554 1319 654 1364 peto,
677 1321 715 1354 et
733 1316 930 1365 transfuga
949 1315 1109 1354 divitum

313 1366 444 1405 Partes
462 1368 632 1418 linquere
648 1370 782 1418 gestio,

205 1419 429 1458 Contemtae
448 1421 622 1459 dominus
642 1422 874 1472 splendidior
892 1423 958 1469 rei,

208 1473 332 1518 Quam
352 1475 392 1519 si,
415 1475 600 1524 quidquid
620 1482 701 1515 arat
719 1477 880 1526 impiger
898 1475 1083 1526 AppulUS,

260 1527 462 1566 Occultare
480 1529 572 1566 meis
591 1529 735 1567 dicerer
753 1529 907 1576 horreis,

315 1582 474 1631 Magnas
492 1583 592 1621 inter
611 1596 700 1633 opes
718 1584 841 1633 inops.

210 1634 332 1673 Purae
352 1636 453 1674 rivus
472 1649 602 1686 aquae,
624 1637 790 1687 silvaque
803 1637 982 1687 jugerum

207 1688 428 1736 Paucorum,
450 1696 488 1729 et
507 1691 646 1740 segetis
664 1698 766 1729 certa
783 1691 876 1729 fides
892 1703 997 1729 meae

262 1742 488 1792 Fulgentem
505 1745 662 1794 imperio
680 1745 814 1783 fertilis
833 1745 984 1782 Africae

317 1797 431 1836 Fallit
450 1803 551 1836 sorte
572 1799 731 1837 beatior.

211 1850 450 1900 Quamquam
467 1864 537 1889 nec
559 1851 740 1889 Calabrae
758 1852 870 1889 mella
885 1852 1013 1889 ferunt
1031 1863 1130 1900 apes,

207 1904 289 1941 Nec
310 1903 574 1954 Laestrigonia
594 1905 765 1943 Bacchus
792 1905 832 1941 in
851 1905 1029 1954 amphora

261 1957 494 2007 Languescit
511 1958 615 2005 mihi,
636 1971 705 1996 nec
723 1959 879 2008 pinguia
899 1958 1054 1996 Gallicis

312 2011 497 2050 Crescunt
516 2012 654 2050 vellera
672 2013 818 2062 pascuis
833 2025 843 2057 ;

212 2064 432 2114 Importuna
450 2071 576 2105 tamen
593 2065 796 2116 Pauperies
814 2066 919 2103 abest
935 2078 943 2102 :

212 2117 305 2164 Nec,
327 2119 358 2156 si
376 2119 485 2169 plura
504 2120 626 2166 velim,
647 2125 691 2157 tu
710 2119 800 2157 dare
819 2120 994 2168 deneges.

264 2172 471 2213 Contracto
489 2174 620 2211 melius
639 2186 755 2223 parva
773 2173 949 2224 cupidine

310 2226 522 2277 Vectigalia
539 2227 740 2277 porrigam,

213 2278 337 2324 Quam
356 2281 387 2318 si
407 2281 627 2331 Mygdoniis
645 2293 807 2330 regnum
824 2280 996 2330 Alyattei

212 2331 362 2384 Campis
382 2336 613 2373 continuem.
668 2335 792 2373 Multa
810 2334 1028 2384 petentibus

268 2387 421 2427 Desunt
439 2388 570 2427 multa.
627 2387 732 2426 Bene
752 2392 820 2433 est,
841 2387 901 2425 cui
920 2387 1027 2426 Deus
1046 2385 1184 2426 obtulit

319 2440 437 2480 Parca
456 2442 559 2492 quod
577 2442 666 2481 satis
685 2447 741 2481 est
761 2453 888 2479 manu.

1251 347 1275 385 υτ

1229 615 1279 652 10

1230 885 1279 922 15

1235 1422 1260 1459 Ν)

1263 1422 1286 1459 0:

1237 1688 1289 1726 30

1239 1956 1290 1994 35

1239 2223 1291 2262 40
