1414 2666
160 135 210 172 58
611 150 810 178 AENEmos
829 150 885 177 111.

160 243 300 280 Lustra
318 244 534 293 domosque,
554 245 676 292 traho,
696 251 895 297 vastosque
914 247 962 284 ab
978 259 1071 296 rupe
1091 245 1280 298 Cyclopas
1338 259 1342 263 ’

161 296 364 346 Prospicio,
385 299 624 348 sonitumque
643 301 782 349 pedum
801 312 1004 349 vocemque
1021 301 1209 339 tremisco.

161 350 313 388 Victum
333 352 532 399 intelicem,
551 354 684 391 baccas
702 355 943 405 lapidosaque
961 366 1087 400 corna,

159 403 267 442 Dant
284 406 389 451 rami,
410 412 448 444 et
465 407 578 444 volsis
595 413 753 457 pascunt
766 408 954 446 radicibus
971 408 1123 445 herbae.
1257 405 1336 446 650

161 457 301 495 Omnia
319 459 552 506 collustrans,
571 460 668 498 hanc
687 462 848 510 primum
868 462 918 499 ad
935 463 1065 499 littora
1079 461 1233 499 classem

163 511 352 560 Conspexi
372 514 600 551 venientem.
655 514 758 552 Huic
777 528 848 561 me,
870 526 1126 565 quaecumque
1143 515 1284 561 fuisset,

162 565 306 601 Addixi
323 579 331 603 :
364 568 453 604 satis
473 573 530 605 est
548 573 701 616 gentem
723 569 897 618 effugisse
915 569 1115 606 nefandam
1134 582 1143 606 :

160 617 237 654 Vos
256 619 417 656 animam
437 621 533 659 hanc
551 622 674 670 potius
693 634 926 672 quocumque
944 623 1129 659 absumite
1147 622 1237 659 leto.

214 671 289 708 Vix
308 686 350 709 ea
368 673 467 711 fatus
486 682 576 721 erat,
598 688 744 713 summo
763 688 878 725 quum
899 680 1027 713 monte
1045 676 1216 713 videmus
1253 672 1331 712 655

163 724 304 773 Ipsum,
324 727 424 764 inter
438 730 599 777 pecudes
619 736 725 767 vasta
744 742 782 766 se
803 729 899 766 mole
919 735 1145 774 moventem,

163 778 355 816 Pastorem
379 781 666 832 Polyphemum,
690 790 728 821 et
745 783 874 820 littora
891 788 982 820 nota
999 788 1215 831 petentem

161 832 372 870 Monstrum
391 835 631 882 horrendum,
652 837 821 882 informe,
837 836 982 885 ingens,
999 836 1059 872 cui
1071 836 1199 872 lumen
1212 834 1339 871 adem-

162 885 314 924 Trunca
335 900 443 925 manu
463 889 572 937 pinus
592 891 690 938 regit
709 895 748 927 et
766 890 924 938 vestigia
940 889 1075 927 firmat.
1225 887 1338 938 [tum.

162 939 372 988 Lanigerae
391 943 618 981 comitantur
636 956 723 981 oves
743 956 752 981 ε
783 955 827 981 ea
847 943 926 980 sola
944 943 1128 993 voluptas,
1262 940 1341 979 660

163 992 409 1043 Solamenque
428 996 527 1032 mali.
1062 1025 1064 1036 l

163 1046 367 1095 Postquam
387 1049 482 1087 altos
501 1050 629 1098 tetigit
648 1051 796 1097 fluctus,
817 1055 856 1089 et
875 1050 922 1087 ad
942 1062 1103 1099 aequora
1121 1045 1235 1094 venit,

163 1100 337 1139 Luminis
356 1103 477 1139 effossi
496 1103 653 1140 fluidum
673 1105 766 1142 lavit
783 1105 872 1141 inde
890 1116 1073 1149 cruorem,

163 1154 353 1192 Dentibus
370 1156 588 1194 infrendens
603 1158 746 1206 gemitu
763 1171 772 1202 ;
801 1158 1048 1207 graditurque
1065 1170 1134 1207 per
1152 1168 1289 1206 aequor

161 1207 187 1244 J
191 1219 249 1244 am
275 1209 449 1256 medium,
465 1211 625 1248 necdum
646 1211 783 1249 fluctus
800 1213 919 1249 latera
935 1211 1053 1248 ardua
1065 1210 1194 1249 tinxit.
1262 1207 1340 1248 665

164 1261 244 1298 Nos
263 1264 392 1311 procul
406 1264 494 1301 inde
513 1264 638 1314 fugam
659 1265 797 1314 trepidi
818 1265 990 1310 celerare,
1007 1271 1158 1315 recepto

164 1314 349 1364 Supplice,
370 1317 422 1354 sic
443 1319 600 1362 merito3
630 1319 808 1367 tacitique
827 1318 993 1355 incidere
1010 1318 1138 1355 funem
1159 1331 1169 1363 ;

164 1368 360 1407 Verrimus
379 1376 417 1408 et
436 1372 543 1420 proni
566 1373 798 1410 certantibus
817 1384 979 1421 aequora
997 1372 1122 1410 remis.

106 1464 113 1472 ἃ
166 1422 303 1467 Sensit,
323 1429 361 1462 et
381 1425 428 1461 ad
448 1426 612 1463 sonitum
633 1426 734 1463 vocis
753 1426 912 1474 vestigia
929 1425 1051 1463 torsit.

165 1477 318 1522 Verum,
339 1479 403 1515 ubi
423 1479 527 1516 nulla
545 1479 658 1517 datur
677 1479 811 1517 dextra
830 1479 1003 1516 affectare
1019 1483 1196 1528 potestas,
1266 1474 1344 1515 670

166 1531 248 1568 Nec
267 1531 366 1580 potis
387 1531 511 1570 Ionios
530 1533 666 1570 fluctus
685 1545 844 1582 aequare
863 1532 1063 1580 sequendo,

166 1584 375 1621 Clamorem
395 1586 620 1623 immensum
642 1587 742 1624 tollit
762 1600 771 1624 ε
802 1599 874 1635 quo
893 1593 1032 1636 pontus
1051 1590 1090 1624 et
1108 1596 1238 1622 omnes

165 1637 398 1677 Intremuere
418 1640 554 1683 undae,
574 1640 794 1690 penitusque
813 1639 993 1678 exterrita
1010 1639 1121 1677 tellus

167 1691 309 1737 Italiae,
331 1693 526 1742 curvisque
545 1694 735 1742 immugiit
756 1695 881 1732 Aetna
900 1692 1081 1730 cavernis.

166 1746 219 1783 At
238 1758 369 1794 genus,
389 1759 409 1783 e
429 1747 541 1792 silvis,
564 1747 784 1796 Cyclopum,
806 1753 845 1785 et
863 1746 1056 1784 montibus
1076 1745 1160 1784 altis
1267 1743 1344 1783 675

167 1798 356 1845 Excitum,
376 1800 452 1838 ruit
472 1801 520 1837 ad
535 1806 677 1849 portus,
700 1806 737 1838 et
756 1801 885 1838 littora
905 1800 1108 1849 complent.

168 1852 368 1890 Cernimus
387 1854 570 1891 adstantis
591 1854 840 1902 nequidquam
862 1853 1005 1890 lumine
1023 1859 1132 1890 torvo

164 1907 353 1944 Aetnaeos
373 1907 517 1952 fratres,
538 1907 641 1944 coelo
658 1909 782 1957 capita
801 1907 877 1945 alta
895 1907 1062 1950 ferentis,

167 1960 376 1997 Concilium
392 1961 623 1998 horrendum
640 1974 648 1999 ε
678 1962 803 2009 quales
822 1972 937 2010 quum
957 1960 1096 1998 vertice
1115 1959 1213 1997 celso

167 2014 305 2051 Aeriae
320 2026 476 2062 quercus
496 2021 560 2052 aut
575 2015 760 2052 coniferae
780 2014 959 2064 cyparissi
1271 2012 1349 2052 680

169 2067 442 2114 Constiterunt‚
464 2069 556 2105 silva
574 2068 650 2106 alta
667 2069 785 2114 Jovis,
807 2069 959 2105 lucusve
979 2067 1137 2104 Dianae.

168 2122 397 2171 Praecipites
419 2128 540 2160 metus
559 2135 642 2159 acer
661 2123 741 2171 agit
761 2133 994 2172 quocumque
1012 2120 1184 2159 rudentis

169 2175 369 2222 Excutere,
387 2181 424 2214 et
443 2176 564 2214 ventis
583 2177 781 2214 intendere
799 2176 882 2213 vela
901 2175 1085 2213 secundis.

169 2229 313 2266 Contra
326 2229 429 2278 jussa
450 2234 604 2268 monent
624 2229 776 2276 Heleni,
799 2229 962 2280 Scyllam
985 2234 1097 2276 atque
1117 2226 1348 2277 Charybdim

172 2282 290 2328 Inter,
311 2289 431 2321 utram
439 2296 512 2333 que
523 2284 620 2321 viam
639 2283 706 2321 leti
724 2283 939 2321 discrimine
956 2294 1084 2332 parvo,
1270 2279 1348 2319 685

169 2336 222 2372 Ni
240 2343 394 2375 teneant
413 2349 540 2374 cursus
557 2351 565 2382 ;
588 2344 731 2374 certum
747 2343 804 2376 est
823 2337 913 2374 dare
930 2336 1047 2373 lintea
1063 2338 1178 2372 retro.

171 2389 290 2427 Eece!
321 2396 444 2428 autem
467 2390 616 2438 Boreas,
638 2396 799 2440 angusta
819 2391 866 2428 ab
883 2390 971 2428 sede
991 2387 1116 2427 Pelori
