1414 2666
125 181 176 221 68

577 190 789 219 mmmmm
805 190 864 218 111.

232 288 406 326 Prudens
424 287 542 326 futuri
560 287 738 338 temporis
757 287 900 326 exitum

233 342 450 390 Caliginosa
467 346 579 380 nocte
596 341 732 391 premit
751 341 879 386 Deus,
870 354 878 362 ·

283 396 489 445 Ridetque,
506 395 537 432 si
554 395 722 434 mortalis
737 394 840 433 ultra

339 449 412 487 Fas
431 448 608 498 trepidat.
663 448 780 494 Quod
798 447 917 494 adest,
936 450 1127 485 memento

232 503 467 553 Componere
486 514 654 552 aequus.
684 506 810 541 cetera.
826 499 992 539 fluminis

233 557 328 595 Ritu
345 556 529 603 feruntur,
550 569 652 594 nunc
669 556 794 594 medio
813 555 920 594 alveo

283 610 382 647 Cum
399 622 491 660 pace
510 585 721 648 delabentis
741 609 947 648 Etruscum

331 663 378 701 In
396 676 498 701 mare
516 676 526 708 ;
555 677 658 701 nunc
675 663 819 713 lapides
837 662 986 707 adesos,

230 717 451 768 Stirpesque
469 722 607 767 raptas,
628 722 667 756 et
685 729 811 767 pecus,
831 720 870 755 et
890 715 1032 761 domos,

232 771 432 810 Volventis
449 783 537 817 una,
551 784 630 808 non
648 771 729 808 sine
747 770 934 808 montium

286 824 471 870 Clamore,
491 825 712 873 vicinaeque
731 823 859 869 silvae,

337 878 434 915 Cum
452 877 531 915 fera
549 878 707 914 diluvies
727 877 875 927 quietos

231 931 362 970 Irritat
382 944 521 969 amnes,
580 930 650 969 Ille
663 935 798 980 potens
817 930 875 968 sui

230 985 448 1035 Laetusque
467 985 593 1034 deget,
614 985 676 1023 cui
694 985 784 1023 licet
801 984 842 1021 in
861 983 961 1023 diem

284 1039 448 1085 Dixisse,
469 1038 561 1075 Vixi
581 1052 589 1076 :
620 1050 702 1076 cras
721 1038 781 1075 vel
801 1042 883 1076 atra

337 1093 451 1130 Nube
470 1092 599 1142 polum
619 1092 730 1130 Pater
749 1096 944 1141 occupato,

226 1145 301 1183 Vel
320 1146 398 1184 sole
416 1159 510 1196 puro
531 1157 541 1183 t
568 1159 647 1183 non
665 1151 793 1184 tamen
813 1145 973 1190 irritum,

232 1200 498 1249 Quodcunque
511 1205 614 1238 retro
633 1205 702 1246 est,
723 1200 884 1243 efficiet,
874 1212 883 1220 ·
914 1210 1037 1248 neque

286 1253 486 1303 Diffinget,
506 1253 767 1303 infectumque
785 1251 931 1298 reddet,

339 1307 455 1353 Quod
473 1306 623 1356 fugiens
642 1306 757 1345 semel
772 1306 867 1344 hora
884 1305 1003 1343 vexit.

233 1360 412 1407 Fortuna,
434 1373 544 1398 saevo
562 1360 662 1398 laeta
679 1360 847 1409 negotio,
869 1363 907 1397 et

231 1414 384 1452 Ludum
402 1389 629 1452 insolentem
647 1413 779 1451 ludere
805 1413 991 1463 pertinax,
1010 1449 1013 1451 ,

283 1468 530 1505 Transmutat
548 1468 712 1505 incertos
730 1467 906 1512 honores,

337 1522 452 1559 Nune
470 1520 574 1567 mihi,
594 1533 698 1558 nunc
717 1520 781 1558 alii
798 1520 971 1569 benigna.

231 1575 367 1612 Laudo
386 1579 624 1612 manentem
650 1574 682 1612 si
701 1574 840 1612 celeres
859 1573 983 1623 quatit

230 1628 390 1675 Pennas,
412 1628 564 1678 resigno
584 1636 681 1678 quae
700 1628 819 1674 dedit,
839 1632 879 1666 et
897 1639 981 1665 mea

285 1683 440 1721 Virtute
454 1695 514 1720 me
532 1682 695 1728 involvo,
716 1682 948 1732 probamque

341 1736 563 1786 Pauperiem
583 1736 663 1773 sine
682 1736 774 1774 dote
791 1747 945 1785 quaero.

228 1790 318 1827 Non
338 1794 395 1828 est
414 1802 552 1835 meum,
573 1790 603 1826 si
623 1789 770 1838 mugiat
788 1788 927 1826 Africis

231 1843 356 1881 Malus
376 1843 561 1892 procellis,
582 1843 631 1880 ad
649 1843 802 1880 miseras
820 1854 950 1892 preces

283 1897 508 1942 Decurrere,
530 1903 569 1934 et
587 1896 686 1934 votis
704 1896 855 1946 pacisci,

338 1950 399 1987 Ne
420 1949 583 2000 Cypriae
603 1950 818 1999 Tyriaeque
835 1960 976 1987 merces

231 2003 392 2042 Addant
410 2016 522 2041 avaro
542 2003 693 2041 divitias
708 2003 814 2041 mari.

232 2057 342 2096 Tunc
361 2069 431 2103 me,
452 2057 603 2095 biremis
621 2057 807 2107 praesidio
822 2055 996 2107 scaphae,

285 2112 429 2149 Tutum
449 2123 517 2160 per
536 2111 710 2160 Aegaeos
729 2111 917 2149 tumultus

338 2167 446 2202 Aura
464 2165 571 2211 feret,
591 2164 842 2214 geminusque
861 2163 1013 2202 Pollux.

600 2242 689 2280 Ona
711 2242 838 2280 XXX.

231 2322 364 2359 EXEGI
383 2326 670 2360 monumentum
690 2334 777 2359 aere
789 2321 1002 2371 perennius,

232 2375 442 2425 Regalique
461 2377 537 2422 situ
557 2375 802 2426 Pyramidum
823 2375 959 2420 altius;

231 2429 346 2474 Quod
365 2442 443 2467 non
457 2430 576 2468 imber
595 2430 705 2476 edm,
723 2441 802 2467 non
821 2429 964 2479 Aquilo
982 2428 1166 2477 impotem
1213 2473 1222 2482 ·

1257 339 1309 378 30

1257 606 1310 645 35

1260 874 1313 913 40

1203 1111 1314 1180 Δ45

1261 1410 1312 1448 50

1262 1946 1313 1985 60
