1475 2712
92 179 166 229 sm.
617 192 736 219 usn.

144 286 273 328 Sumta
290 289 377 328 Jovi
393 302 401 334 ;
430 290 548 340 primo
566 294 732 338 tempore
750 288 899 325 inermis
918 291 1008 326 erat.

90 340 246 390 Ignibus
266 343 361 382 Ossa
378 344 494 390 novis,
515 348 553 382 et
573 343 702 380 Pelion
721 343 830 380 altior
850 343 945 380 Ossa

146 398 262 444 Arsit,
282 403 320 435 et
338 398 377 435 in
396 398 513 435 solida
530 398 624 434 fixus
643 396 827 446 Olympus
844 396 968 433 humo.

1208 179 1256 217 57

1180 288 1258 324 440

91 452 175 490 Stat
194 464 339 500 quoque
353 464 462 501 capra
481 450 612 488 simul:
643 450 828 499 Nymphae
848 450 990 499 pavisse
1008 448 1179 486 feruntur

145 505 312 543 Cretides
333 519 341 543 :
369 505 503 543 infanti
521 504 576 542 lac
596 504 700 541 dedit
719 503 782 540 illa
799 503 826 540 J
828 504 901 540 ovi.

90 559 203 596 Nunc
221 572 332 596 vocor
351 559 398 596 ad
417 570 563 595 nomen.
619 557 836 606 Vegrandia
853 557 952 594 farra
972 556 1105 601 coloni,

144 614 239 658 Quae
259 612 353 649 male
370 616 576 657 creverunt,
598 623 777 660 vescaque
795 623 908 659 parva
927 617 1072 647 vocant.

90 667 157 704 Vis
176 679 219 703 ea
237 666 268 703 si
288 665 389 703 verbi
407 671 462 703 est
478 679 486 710 ;
516 678 582 702 cur
600 677 676 701 non
696 677 766 713 ego
782 663 932 712 Vejovis
951 664 1080 708 aedem,

142 720 272 758 AEdem
292 733 367 757 non
386 719 510 768 magni
526 718 685 767 suspicer
705 730 784 755 esse
802 718 826 755 J
830 718 908 755 ovis
922 717 942 754 Ῥ

89 773 259 823 Jamque,
280 774 343 810 ubi
362 773 560 810 caeruleum
580 773 776 810 variabunt
795 772 916 809 sidera
934 771 1075 816 coelum,

142 827 294 876 Suspice
310 841 317 864 :
341 827 532 875 Gorgonei
550 827 644 864 colla
662 826 805 863 videbis
823 825 920 875 equi.

90 881 266 919 Creditur
283 881 343 918 hic
362 892 462 918 caesae
481 879 636 928 gravida
655 880 796 917 cervice
815 879 981 916 Medusae

142 934 332 983 Sanguine
350 934 524 983 respersis
542 933 754 983 prosiluisse
772 933 888 982 jubis.

85 987 185 1025 Huic
204 1001 315 1037 supra
333 989 449 1025 nubes
467 992 504 1025 et
524 988 651 1025 subter
669 987 790 1024 sidera
806 987 909 1036 lapso

141 1040 287 1079 Coelum
306 1055 374 1091 pro
392 1046 502 1087 terra,
523 1054 591 1091 pro
610 1041 705 1090 pede
724 1053 846 1091 penna
864 1042 946 1079 fuit.

85 1094 245 1144 Jamque
263 1095 471 1142 indignanti
488 1108 585 1132 nova
603 1095 707 1132 frena
724 1100 914 1144 receperat
942 1107 1018 1140 ore,

141 1148 236 1186 Cum
254 1149 344 1186 levis
364 1149 506 1186 Aonias
526 1149 667 1197 ungula
684 1149 780 1186 fodit
799 1160 925 1196 aquas.

89 1202 202 1240 Nunc
220 1202 356 1240 fruitur
373 1203 477 1247 coelo,
494 1203 594 1250 quod
613 1203 744 1251 pennis
763 1208 850 1240 ante
869 1203 1020 1252 petebat
1035 1214 1044 1239 ι

142 1255 193 1293 Et
211 1256 354 1294 nitidus
373 1256 489 1294 stellis
509 1256 671 1304 quinque
690 1256 891 1306 decemque
908 1257 1031 1295 micat.

88 1361 264 1399 Protinus
283 1360 462 1409 adspicies
480 1360 643 1398 venienti
662 1364 774 1398 nocte
794 1360 979 1399 Coronam

139 1414 340 1451 Gnossida.
396 1414 540 1451 Theseo
559 1414 710 1451 crimine
728 1415 827 1452 facta
846 1415 916 1452 dea
935 1419 1004 1452 est.

84 1469 109 1506 J
112 1481 171 1506 am
190 1469 285 1505 bene
304 1466 452 1516 perjuro
471 1472 632 1505 mutarat
651 1467 811 1517 conjuge
830 1468 1030 1513 Bacchum,

142 1521 236 1567 Quae
257 1522 362 1559 dedit
382 1522 529 1570 ingrato
548 1522 609 1558 fila
628 1522 788 1570 legenda
807 1523 897 1559 viro.

85 1577 193 1614 Sorte
211 1576 284 1612 tori
303 1575 481 1624 gaudens,
504 1575 607 1620 Quid
625 1576 756 1612 fiebam
777 1576 914 1614 rustica
928 1576 947 1613 Ρ
966 1576 1073 1619 dixit,

138 1629 292 1667 Utiliter
311 1630 417 1666 nobis
436 1630 598 1678 perfidus
617 1629 680 1666 ille
697 1629 780 1667 fuit.

85 1682 232 1721 Interea
252 1683 365 1720 Liber
383 1683 547 1732 depexus
566 1683 728 1720 crinibus
748 1683 862 1721 Indos

137 1736 279 1781 Vincit,
298 1743 336 1774 et
356 1736 437 1774 Eoo
456 1736 559 1773 dives
578 1737 625 1774 ab
645 1737 733 1774 orbe
753 1737 868 1775 venit.

83 1788 188 1828 Inter
206 1790 370 1839 captivas
388 1790 480 1827 facie
499 1795 700 1839 praestante
717 1791 858 1839 puellas

136 1843 254 1882 Grata
272 1844 380 1881 nimis
400 1844 549 1882 Baccho
567 1845 642 1882 filia
657 1845 754 1893 regis
771 1850 862 1882 erat.

85 1897 216 1935 Flebat
235 1910 361 1934 amans
381 1897 527 1946 conjux,
549 1898 781 1947 spatiataque
799 1899 927 1937 littore
947 1911 1059 1935 curvo

136 1950 266 1989 Edidit
285 1951 434 1988 incultis
453 1951 543 1990 talia
561 1953 674 1989 verba
692 1952 806 1989 comis
826 1964 835 1989 z

84 2004 143 2041 En
161 2005 298 2042 iterum
316 2005 462 2050 similes,
482 2006 628 2051 fluctus,
649 2006 776 2043 audite
795 2005 961 2055 querelas
982 2006 990 2043 1

136 2058 196 2094 En
212 2058 348 2096 iterum
365 2058 546 2108 lacrymas
565 2059 700 2108 accipe,
722 2073 844 2105 arena,
865 2072 964 2097 meas
981 2060 989 2097 l

82 2110 274 2156 Dicebam,
296 2112 456 2157 memini,
477 2111 624 2161 perjure
643 2118 680 2150 et
698 2113 838 2162 perfide
859 2112 1030 2150 Theseu!

134 2165 202 2202 Ille
220 2165 311 2202 abiit
327 2179 335 2203 :
355 2165 483 2202 eadem
502 2166 655 2202 crimina
675 2166 845 2204 Bacchus
861 2167 988 2204 habet.

80 2218 193 2256 Nunc
211 2231 368 2268 quoque,
388 2220 492 2256 nulla
509 2219 601 2265 viro,
622 2220 799 2266 clamabo,
819 2220 968 2258 foemina
987 2220 1127 2258 credat.

134 2272 294 2309 Nomine
314 2277 459 2310 mutato
478 2285 588 2310 causa
605 2273 723 2311 relata
741 2287 822 2312 mea
841 2279 910 2312 est.

84 2324 118 2362 O
138 2326 280 2364 utinam
301 2339 382 2363 mea
401 2339 490 2372 sors,
511 2339 584 2375 qua
602 2327 761 2376 primum
780 2332 952 2377 coeperat,
972 2327 1060 2364 isset
1082 2328 1089 2365 ἶ

131 2379 291 2428 Jamque
310 2392 379 2429 ego
398 2381 574 2429 praesenti
592 2386 758 2430 tempore
777 2382 880 2419 nulla
898 2382 1013 2420 forem
1029 2381 1037 2419 l

82 2432 184 2481 Quid
206 2446 264 2471 me
283 2433 438 2472 desertis
456 2434 672 2485 perituram,
693 2435 816 2482 Liber,
838 2436 957 2474 arenis

1179 555 1255 592 445

1181 825 1257 862 450

1180 1095 1257 1130 4:30

1180 1415 1258 1453 460

1179 1683 1254 1720 465

1176 1953 1254 1991 470

1175 2221 1251 2260 475
