1475 2712
502 201 697 231 mammos
713 202 759 230 11.
1163 189 1235 230 37·

46 300 207 350 Caligat,
225 301 361 338 nubem
381 299 533 348 eripiam
548 311 557 343 ;
587 303 630 337 tu
648 311 697 336 ne
714 309 786 346 qua
804 297 969 347 parentis

43 354 158 392 Jussa
174 355 277 399 time,
298 366 370 391 neu
389 353 595 402 praeceptis
609 364 739 402 parere
758 364 898 389 recusa.

43 406 133 453 Hic,
153 409 217 446 ubi
234 407 405 456 disjectas
424 406 540 443 moles
559 406 758 455 avolsaque
777 405 875 442 saxis

43 461 142 498 Saxa
160 462 274 506 vides,
296 461 486 509 mixtoque
505 459 710 497 undantem
731 459 884 508 pulvere
901 457 1056 504 fumum,

41 513 243 564 Neptunus
261 527 396 559 muros,
417 525 627 563 magnoque
646 518 769 550 emota
787 512 944 549 tridenti
1137 507 1217 549 610

41 565 314 612 Fundamenta,
329 567 461 616 quatit,
483 572 675 615 totamque
690 567 736 603 ab
755 565 903 602 sedibus
922 565 1053 602 urbem

42 620 168 659 Eruit.
224 621 299 657 Hic
317 621 420 657 Juno
441 620 574 656 Scaeas
593 619 804 656 saevissima
822 623 948 667 portas
994 625 1000 630 ’

39 673 166 711 Prima
178 678 293 719 tenet,
315 674 528 721 sociumque
546 673 673 710 furens
692 685 713 709 a
732 672 888 708 navibus
907 683 1053 720 agmen,

38 726 153 764 Ferro
171 728 346 773 accincta,
368 730 490 763 vocat.

35 779 120 817 Jam
140 793 301 817 summas
321 780 413 816 arcis
434 778 616 824 Tritonia,
633 778 783 827 respice,
808 777 931 814 Pallas
1133 774 1209 813 615

37 833 191 878 Insedit,
212 833 339 870 nimbo
359 833 554 881 effulgenS,
574 837 612 869 et
632 831 811 879 Gorgone
830 843 948 868 saeva.

34 886 119 936 Ipse
138 886 247 924 Pater
268 887 409 923 Danais
428 887 580 931 animos,
602 885 771 933 viresque
790 884 982 929 secundas,

35 940 203 978 Sufficit:
233 940 311 989 ipse
331 941 419 977 deos
439 940 478 976 in
498 939 679 975 Dardana
697 938 850 976 suscitat
869 951 982 974 arma.

37 993 163 1043 Eripe,
184 999 282 1038 nate,
304 993 443 1041 fugam,
463 993 650 1041 finemque
669 992 819 1041 impone
838 991 971 1028 labori.

34 1048 228 1096 Nusquam
247 1048 369 1091 abero,
393 1052 431 1084 et
447 1051 573 1084 tutum
592 1045 713 1094 patrio
733 1054 771 1082 te
790 1045 917 1081 limine
935 1044 1075 1081 sistam.
1130 1041 1207 1081 620

34 1101 217 1139 Dixerat:
249 1105 286 1138 et
305 1100 428 1149 spissis
447 1100 566 1136 noctis
586 1111 624 1135 se
643 1099 814 1135 condidit
833 1098 986 1135 umbris.

31 1155 229 1204 Apparent
248 1154 350 1191 dirae
369 1153 492 1197 facies,
511 1152 734 1201 inimicaque
751 1151 839 1199 Ttoj
846 1164 888 1188 ae

31 1208 198 1245 Numina
216 1221 353 1256 magna
372 1206 497 1244 desim.

83 1261 182 1299 Tum
201 1274 288 1298 vero
304 1273 414 1298 omne
434 1259 524 1296 mihi
542 1259 662 1296 visum
681 1257 874 1295 considere
891 1258 931 1294 in
948 1255 1048 1306 ignis

31 1313 154 1361 Ilium,
175 1320 213 1352 et
227 1328 273 1351 ex
292 1315 366 1352 imo
384 1314 481 1352 verti
501 1312 692 1362 Neptunia
713 1311 851 1360 Troja:
1128 1308 1205 1348 525

29 1368 89 1406 Ac
107 1368 234 1414 veluti,
256 1369 407 1405 summis
426 1367 618 1416 antiquam
636 1366 676 1402 in
694 1366 884 1402 montibus
898 1376 1034 1401 ornum

31 1421 171 1468 Quum,
192 1423 288 1459 fer-ro
307 1422 464 1459 accisam
482 1420 694 1468 crebrisque
708 1419 943 1468 bipennibus,
964 1418 1108 1456 instant

29 1474 175 1514 Eruere
194 1476 379 1524 agricolae
398 1475 568 1513 certatim
584 1487 593 1518 3
622 1473 686 1509 illa
704 1485 821 1521 usque
839 1472 1015 1517 minatur,

30 1528 95 1576 Et,
113 1530 331 1567 tremefacta
351 1541 495 1567 comam
515 1539 694 1565 concusso
711 1527 863 1572 vertice,
884 1529 994 1563 nutat
1009 1537 1019 1570 3

25 1582 252 1620 Volneribus
272 1583 391 1620 donec
410 1582 604 1631 paullatim
624 1581 745 1618 evicta
765 1591 978 1629 supremum
1120 1576 1199 1616 630

26 1635 264 1685 congemuit,
283 1637 483 1685 traxitque,
498 1635 604 1684 jugis
623 1634 760 1679 avolsa,
781 1634 941 1670 ruinam.

26 1688 240 1735 Descendo,
260 1703 312 1734 ac,
334 1690 497 1727 ducente
515 1689 597 1734 deo,
616 1688 802 1724 flammam
820 1687 922 1724 inter
940 1689 978 1723 et
996 1683 1113 1723 hostis

27 1742 219 1793 Expedior
238 1756 246 1780 t
277 1743 369 1780 dant
387 1743 462 1781 tela
480 1743 615 1787 locum,
636 1741 881 1789 flammaeque
899 1738 1095 1776 recedunt.

76 1797 216 1845 Atque,
237 1797 301 1833 ubi
314 1796 394 1846 jam
409 1797 550 1846 patriae
568 1799 789 1843 perventum
809 1794 857 1830 ad
873 1793 1002 1830 limina
1022 1791 1131 1838 sedis,

24 1848 284 1898 Antiquasque
302 1850 430 1887 domos
449 1863 459 1888 ι
489 1849 650 1898 genitor,
671 1860 780 1896 quem
798 1847 930 1885 tollere
947 1846 987 1882 in
1006 1845 1100 1884 altos
1120 1843 1197 1883 635

25 1902 214 1952 Optabam
232 1904 392 1952 primum
411 1903 560 1948 montis,
581 1901 817 1951 primumque
835 1901 1020 1950 petebam,

22 1956 203 2005 Abnegat
223 1958 345 1994 excisa
363 1958 478 1995 vitam
498 1957 706 2006 producere
726 1954 852 2003 Troja,

25 2008 281 2058 Exsiliumque
300 2011 391 2060 pati.
445 2010 524 2048 Vos
543 2023 565 2047 o
585 2010 594 2048 1
626 2010 761 2060 quibus
779 2009 926 2057 integer
945 2007 1025 2044 aevi

24 2061 199 2113 Sanguis,
218 2064 281 2109 ait,
302 2064 514 2112 solidaeque
532 2077 599 2103 suo
619 2068 722 2103 stant
739 2063 874 2100 robore
891 2061 988 2098 vires
1007 2073 1017 2105 ;

21 2115 101 2167 Vos
120 2117 261 2166 agitate
280 2117 420 2166 fugam.
1117 2110 1196 2150 640

22 2169 88 2208 Me
106 2171 137 2208 si
155 2171 353 2208 coelicolae
372 2171 575 2209 voluissent
592 2171 729 2209 ducere
747 2170 874 2215 vitam,

21 2221 105 2261 Has
122 2224 214 2261 mihi
232 2229 441 2262 servassent
460 2224 577 2262 sedes.
634 2224 732 2262 Satis
747 2236 832 2268 una,
855 2232 1050 2270 superque,

21 2276 194 2314 Vidimus
213 2277 369 2322 excidia,
389 2282 427 2315 et
445 2282 576 2326 captae
594 2277 847 2327 superavimus
866 2274 964 2311 urbi.

21 2329 84 2368 Sic
102 2343 124 2368 0
143 2331 152 2368 1
182 2331 414 2380 sic‘positum
433 2331 533 2368 affati
553 2331 734 2368 discedite
753 2342 903 2378 corpus.

22 2383 107 2433 Ipse
123 2396 238 2421 manu
256 2389 415 2422 mortem
433 2385 633 2422 inveniam.
689 2383 930 2421 Miserebitur
947 2380 1077 2427 hostis,
1115 2379 1193 2418 645

21 2435 259 2488 Exuviasque
277 2442 393 2488 petet.
449 2437 584 2475 Facilis
586 2437 748 2527 I{actura
765 2435 936 2486 sepulcri,
