1414 2666
118 186 142 221 6
414 186 458 223 Ρ.
490 184 738 224 VIRGILII
768 186 1030 226 MARONIS
1201 187 1311 238 [Lm.

118 290 254 340 Teque
274 291 347 329 sibi
367 305 553 341 generum
575 293 723 343 Tethys
743 300 843 332 emat
864 294 1041 331 omnibus
1061 293 1192 338 undis;

117 344 235 382 Anne
256 358 400 383 novum
420 346 540 383 tardis
560 347 665 383 sidus
684 354 721 384 te
743 348 936 384 mensibus
956 348 1086 390 addas,

120 396 207 443 Qua
228 398 333 436 locus
353 399 549 448 Erigonen
571 400 674 436 inter
694 399 909 449 Chelasque
929 407 1132 448 sequentes

116 450 310 503 Panditur
317 467 327 496 ;
356 453 438 501 ipse
458 453 530 489 tibi
543 452 626 500 jam
646 454 806 490 brachia
822 454 1017 491 contrahit-
1036 454 1174 490 ardens

119 503 312 553 Scorpios,
335 512 372 542 et
392 506 474 542 coeli
489 505 597 553 justa
617 506 703 554 plus
722 514 831 555 parte
851 507 1023 555 reliquit:
1262 507 1312 542 35

120 556 320 605 Quidquid
340 559 559 595 eris—nam
580 565 618 596 te
636 573 707 597 nec
726 567 882 608 sperent
903 560 1068 597 Tartara
1086 572 1229 608 regem,

116 610 203 647 Nec
223 612 295 648 tibi
316 613 504 661 regnandi
524 613 654 650 veniat
669 620 748 650 tam
767 614 851 651 dira
870 614 1028 662 cupido;

119 662 308 709 Quamvis
332 666 482 715 Elysios
502 666 665 703 miretur
686 665 840 703 Graecia
860 679 1027 715 campos,

115 716 202 754 Nec
221 719 383 766 repetita
404 719 514 768 sequi
534 726 642 756 curet
662 719 890 767 Proserpina
918 726 1154 763 inattenu—

116 769 180 807 Da
198 770 351 809 facilem
372 785 539 816 cursum,
561 778 677 821 atque
696 773 906 810 audacibus
925 774 1051 809 adnue
1070 773 1214 820 caeptis,
1263 773 1315 808 40

115 822 356 873 Ignarosque
377 826 448 862 viae
468 838 618 862 mecum
637 826 844 863 miseratus
863 832 1045 874 agrestes,

115 876 339 925 Ingredere,
361 884 400 915 et
419 879 522 915 votis
534 878 616 926 jam
636 892 739 916 nunc
755 879 937 916 adsuesce
957 878 1099 915 vocari.

168 931 274 968 Vere
294 944 405 974 Πονο,
427 931 579 980 gelidus
598 932 705 969 canis
729 944 817 969 cum
838 932 1034 969 montibus
1055 932 1194 968 humor

116 981 312 1032 Liquitur‚
332 991 371 1021 et
391 985 572 1034 Zephyro
591 986 717 1034 putris
737 998 777 1023 se
796 985 910 1034 gleba
928 985 1099 1030 resolvit,

115 1036 311 1086 Depresso
331 1038 491 1086 incipiat
505 1038 588 1086 jam
608 1045 689 1075 tum
711 1039 805 1076 mihi
826 1046 961 1076 taurus
981 1046 1110 1076 aratro
1263 1039 1314 1074 45

115 1090 332 1138 Ingemere,
356 1098 394 1129 et
414 1092 521 1129 sulco
541 1093 707 1130 adtritus
727 1093 993 1141 splendescere
1012 1104 1157 1130 vomer.

114 1143 190 1181 Illa
210 1156 321 1193 seges
341 1146 496 1182 demum
517 1146 618 1183 votis
636 1147 842 1194 respondet
862 1146 969 1183 avari

116 1195 321 1245 Agrioolae,
343 1199 403 1236 bis
420 1212 506 1248 quae
525 1199 654 1244 solem,
677 1200 738 1236 bis
756 1199 902 1248 frigora
922 1199 1059 1242 sensit3

114 1249 228 1288 Illius
247 1252 443 1289 immensae
462 1260 650 1301 ruperunt
670 1253 809 1290 horrea
828 1265 980 1290 messes.

114 1304 178 1341 Ac
198 1305 317 1353 prius,
339 1306 514 1354 ignotum
534 1305 638 1343 ferro
657 1319 772 1354 quam
794 1307 1006 1343 scindimus
1026 1317 1166 1353 aequor,
1264 1305 1316 1341 50

116 1356 267 1395 Ventos
289 1365 327 1395 et
349 1360 500 1396 varium
521 1360 606 1396 coeli
629 1360 857 1408 praediseere
877 1372 1022 1396 morem

116 1410 222 1448 Cura
242 1412 303 1456 sit,
326 1425 369 1449 ac
390 1413 534 1460 patrios
554 1414 757 1460 cultusque
779 1414 1010 1460 habitusque
1029 1411 1216 1454 locorum3

118 1463 171 1500 Et
190 1465 284 1513 quid
304 1479 464 1514 quaeque
485 1466 584 1503 ferat
604 1467 725 1515 regio,
745 1472 782 1503 et
803 1467 897 1514 quid
916 1477 1078 1514 quaeque
1098 1470 1263 1504 recuset..

116 1517 195 1554 Hic
215 1526 376 1567 segetes.
397 1520 478 1556 illic
499 1520 661 1556 veniunt
681 1520 833 1557 felicius
855 1532 956 1563 uvae3

117 1571 287 1609 Arborei
307 1571 410 1609 fetus
430 1573 522 1610 alibi
543 1580 657 1621 atque
678 1572 825 1621 injussa
851 1574 1048 1610 virescunt
1264 1572 1314 1608 55

117 1623 321 1662 Gramina.
378 1625 521 1663 Nonne
541 1627 663 1672 vides,
683 1639 836 1664 croceos
856 1632 899 1663 ut
921 1626 1080 1664 Tmolus
1100 1625 1249 1670 odores,

114 1677 230 1715 India
248 1679 370 1717 mittit
389 1681 496 1724 ebur,
518 1680 651 1718 molles
671 1692 740 1717 sua
758 1688 846 1717 tura
869 1679 1014 1722 Sabaei;

114 1731 173 1768 At
195 1731 389 1782 Chalybes
410 1733 503 1770 nudi
523 1733 683 1778 ferrum,
706 1734 910 1781 virosaque
930 1732 1075 1770 Pontus

117 1784 313 1831 Castorea,
336 1786 518 1823 Eliadum
538 1787 683 1835 palmas
703 1786 845 1835 Epiros
865 1785 1074 1834 equarum?

116 1837 315 1876 Continuo
335 1840 404 1877 has
423 1840 528 1889 leges
548 1846 767 1889 aeternaque
787 1840 930 1876 foedera
949 1839 1065 1876 certis
1263 1839 1316 1876 60

114 1890 306 1940 Imposuit
324 1900 464 1930 natura
482 1893 586 1938 locis,
608 1905 684 1940 quo
703 1900 876 1942 ternpore
895 1893 1063 1941 primum

115 1943 330 1983 Deucalion
350 1959 515 1983 vacuum
535 1946 681 1995 lapides
703 1946 871 1994 jactavit
889 1947 929 1982 in
951 1947 1094 1990 orbem,

116 1998 235 2036 Unde
255 1999 429 2037 homines
450 2000 543 2045 nati,
565 2001 705 2037 durum
726 2013 860 2049 genus.
919 2000 1025 2047 Ergo
1045 2013 1127 2048 age,
1149 2007 1263 2037 terrae

115 2051 270 2101 Pingue
290 2054 412 2090 solum
434 2053 569 2102 primis
589 2054 784 2102 extemplo
804 2066 827 2090 a
845 2053 1042 2090 mensibus
1063 2055 1153 2091 anni

117 2105 256 2143 Fortes
275 2107 474 2144 invertant
488 2108 599 2151 tauri,
621 2107 830 2156 glebasque
840 2107 1015 2154 jacentes
1263 2108 1313 2143 65

115 2158 396 2197 Pulverulenta
416 2167 555 2209 coquat
574 2161 737 2197 maturis
756 2161 900 2198 solibus
920 2166 1047 2197 aestas:

117 2211 174 2249 At
196 2213 228 2249 si
249 2226 326 2250 non
346 2213 466 2250 fuerit
480 2214 595 2251 tellus
615 2214 791 2258 fecunda,
814 2215 885 2251 sub
904 2214 1028 2262 ipsum

117 2267 335 2303 Arcturum
356 2268 464 2304 tenui
486 2275 544 2304 sat
565 2268 638 2304 erit
659 2268 893 2315 suspendere
913 2267 1036 2310 sule-03

116 2319 219 2365 Illic,
239 2320 409 2358 officiant
428 2321 527 2357 laetis
546 2334 595 2358 ne
614 2321 794 2369 frugibus
814 2321 956 2366 herbae,

119 2372 212 2420 Hic,
233 2374 405 2412 sterilem
426 2375 593 2424 exiguus
613 2388 662 2413 ne
680 2376 830 2413 deserat
850 2375 989 2411 humor
1008 2385 1179 2412 arenam.
1262 2373 1314 2411 70
