1414 2666
131 191 184 227 34

560 200 771 229 CARMINUM
791 201 833 228 11.

241 297 405 336 s‘useitat
424 309 579 345 musam,
599 310 723 348 neque
742 309 888 348 semper
908 310 1036 335 arcum

450 351 593 389 Tendit
612 352 768 402 Apollo.

241 404 372 441 Rebus
391 405 561 453 angustis
580 406 768 445 animosus
788 411 902 455 atquc

244 457 370 496 Fortis
389 470 550 508 appare:
581 460 768 508 sapienter
787 459 887 496 idem

239 511 450 550 Contrahes
469 518 583 551 vento
597 513 755 551 nimium
774 513 939 551 secundo

454 566 625 616 Turgida
644 567 738 604 vela.

341 657 429 694 ODE
451 657 644 696 XL-Ad
663 658 876 705 Quinctium
897 657 1111 708 Hirpinum,

241 747 347 793 Qum
365 748 564 786 bellicosus
585 747 788 795 Cantaber,
810 754 849 786 et
869 747 1041 798 Scythes,

244 801 407 851 Hirpine
427 802 596 848 Quincti,
613 803 767 851 cogitet,
788 802 938 839 Hadria

300 854 448 894 Divisus
468 855 628 905 objecto,
647 856 817 894 remittas

352 909 544 954 Quaerere
560 923 568 947 ε
590 922 660 947 nec
678 909 845 959 trepides
863 908 904 945 in
924 921 1034 945 usum

246 963 439 1001 Poscentis
457 963 539 1000 aevi
557 975 688 1013 pauca.
746 962 863 1012 Fugit
881 967 982 1000 retro

252 1016 365 1054 Levis
378 1016 568 1065 juventas,
590 1021 629 1055 et
648 1017 773 1064 decor,
795 1015 901 1054 arida

302 1069 474 1109 Pellente
492 1071 649 1108 lascivos
669 1083 814 1108 amores

354 1123 514 1171 Canitie,
536 1124 756 1174 facilemque
775 1136 960 1162 somnum.

249 1178 339 1216 Non
360 1191 505 1229 semper
524 1178 625 1216 idem
643 1179 798 1216 floribus
817 1182 875 1216 est
893 1177 1013 1214 honor

244 1231 401 1277 Vernis;
432 1245 554 1282 neque
573 1244 650 1270 uno
669 1232 781 1269 Luna
798 1231 938 1269 rubens
956 1231 1049 1268 nitet

299 1286 423 1325 Vultu
443 1301 452 1323 ε
483 1286 575 1335 quid.
593 1285 754 1324 aeternis
771 1285 955 1322 minorem

356 1340 530 1378 Consiliis
549 1339 715 1377 animum
734 1339 871 1388 fatigas
886 1338 905 1375 ἶ)

249 1394 326 1430 Cur
344 1406 434 1439 non,
455 1394 525 1431 sub
544 1393 621 1431 alta
639 1393 698 1430 vel
717 1393 871 1441 platano
890 1390 950 1428 vel
968 1390 1038 1426 hac

250 1446 346 1484 Pinu
357 1447 528 1496 jacentes
547 1447 599 1484 sic
619 1451 772 1491 temere,
802 1450 839 1484 et
859 1457 944 1482 rosa

304 1500 429 1539 Canos
449 1500 597 1538 odorati
616 1499 782 1549 capillos,

358 1555 464 1592 Dum
482 1554 583 1599 lieet,
605 1553 836 1603 Assyriaque
854 1551 974 1589 nardo

254 1608 436 1647 Potamus
453 1607 590 1646 uncti?
623 1607 781 1657 dissipat
801 1605 921 1643 Euius

253 1662 371 1700 Curas
390 1662 534 1700 edaces.
591 1661 688 1707 Quis
706 1673 799 1711 puer
818 1659 921 1698 ocius

308 1716 539 1765 Restinguet
558 1714 725 1753 ardentis
744 1713 899 1752 Falerni

359 1770 500 1808 Pocula
517 1772 785 1820 praetereunte
803 1767 958 1818 lympha
976 1766 996 1804 ἱ)

255 1825 350 1870 Quis
368 1823 520 1861 devium
540 1829 705 1861 scortum
725 1821 849 1860 eliciet
868 1821 981 1858 domo

256 1878 424 1928 Lyden?
453 1877 607 1922 eburna,
629 1876 690 1913 dic
709 1887 791 1924 age,
812 1887 899 1912 cum
917 1874 1000 1924 lyra

307 1932 489 1975 Maturet,
508 1931 548 1967 in
567 1934 733 1968 comtum
752 1928 948 1965 Lacaenae

368 1986 476 2022 More
491 1996 635 2021 comam
654 1982 814 2031 religata
833 1981 988 2018 nodum.

483 2086 572 2123 ODE
594 2084 1002 2123 XIL—Maecenatem.

260 2181 384 2218 Noms
403 2179 518 2228 longa
537 2176 636 2215 serae
655 2176 755 2214 bella
772 2173 1017 2219 Numantiae,

259 2234 342 2272 Nec
362 2233 500 2271 durum
519 2231 786 2276 Hannibalem,
808 2241 878 2266 nec
898 2227 1067 2266 Siculum
1085 2238 1200 2271 mare,

259 2288 389 2326 Poeno
407 2297 638 2336 purpureum
657 2283 854 2333 sanguine,
874 2281 1050 2319 mollibus

367 2339 506 2390 Aptari
525 2339 691 2377 citharae
710 2337 831 2375 modis
851 2349 860 2381 ;

263 2395 346 2432 Nec
366 2406 495 2432 saevos
514 2393 709 2442 Lapithas,
731 2396 770 2429 et
788 2389 946 2427 nimium
964 2400 1068 2426 mero

264 2448 467 2499 Hylaeum,
488 2446 725 2495 domitosque
744 2443 934 2482 Herculea
953 2454 1067 2481 manu

1276 1226 1324 1263 10

1280 1495 1329 1532 15
