1414 2666
106 189 157 227 62
197 188 242 226 P.
264 186 418 226 VIRG.
443 187 703 226 MARONIS
726 186 1071 226 GEORGICON.
1104 186 1298 239 [L13.1v.

106 295 281 341 Quattuor
300 295 463 332 eximios
488 295 685 344 praestanti
705 307 864 344 corpore
891 302 1029 339 tauros,

106 348 183 394 Qui
204 349 275 386 tibi
295 361 398 385 nunc
417 348 554 384 viridis
573 349 783 397 depascunt
801 361 950 385 summa
969 347 1112 397 Lycaei,

102 402 253 450 Delige,
275 408 314 438 et
333 402 477 438 intacta
497 401 656 438 totidem
675 402 825 439 cervice
839 401 1042 449 juvencas.
1218 402 1297 438 540

104 453 282 500 Quatuor
300 455 361 492 his
380 467 466 492 aras
485 455 563 491 alta
577 456 625 492 ad
644 455 803 492 delubra
818 455 975 492 dearum

105 507 322 553 Constitue,
342 515 380 544 et
401 520 552 545 sacrum
566 507 715 556 jugulis
734 508 893 545 demitte
912 520 1105 551 cruorem3

105 560 355 610 Corporaque
373 561 457 610 ipsa
475 562 591 598 boum
611 560 790 598 frondoso
809 562 942 598 desere
962 561 1063 597 luco.

103 612 194 651 Post
216 614 280 651 ubi
301 627 400 651 nona
418 627 505 651 suos
526 615 682 651 Aurora
700 614 910 651 ostenderit
928 621 1047 659 ortus,

101 667 268 704 Inferias
290 667 438 716 Orphei
457 668 617 705 Lethaea
637 681 828 716 papavera
847 668 990 712 mittes,
1219 667 1297 704 545

103 720 155 757 Et
177 722 328 769 nigram
348 722 532 758 mactabis
557 734 681 764 ovem,
698 721 904 769 lucumque
923 721 1086 765 revises3

101 773 301 811 Placatam
322 774 543 823 Eurydicen
564 775 687 811 vitula
707 775 941 811 venerabere
961 785 1069 810 caesa.

158 827 275 864 Haud
295 840 416 864 mora:
447 827 630 864 continuo
648 828 782 864 matris
803 833 994 875 praecepta
1012 827 1177 864 facessit.

100 880 168 916 Ad
187 881 348 917 delubra
367 881 474 917 venit
482 895 492 924 3
521 886 751 917 monstratas
771 880 917 917 excitat
936 892 1040 924 a1·as;

103 932 281 977 Quatuor
297 933 460 970 eximios
480 933 676 982 praestanti
697 946 855 982 corpore
875 940 1006 970 tauros
1219 933 1298 970 550

100 986 232 1031 Ducit,
254 993 292 1023 et
311 987 456 1024 intacta
475 987 637 1024 totidem
655 987 806 1024 cervice
825 986 1027 1034 juvencas.

99 1039 209 1085 Post,
231 1040 295 1077 ubi
317 1053 418 1076 nona
439 1053 526 1077 suos
546 1038 702 1077 Aurora
722 1041 930 1077 induxerat
949 1046 1068 1084 ortus,

100 1093 268 1130 Inferias
291 1092 438 1142 Orphei
459 1094 591 1137 mittit,
612 1094 820 1142 lucumque
840 1093 987 1130 revisit.

101 1146 180 1183 Hic
200 1158 295 1184 vero
314 1147 484 1183 subitum
504 1159 549 1184 ac
568 1147 674 1185 dictu
695 1146 869 1184 mirabile
888 1153 1104 1183 monstrum

99 1199 349 1248 Adspiciunt,
371 1200 578 1248 liquefacta
597 1202 711 1237 boum
732 1213 800 1248 per
820 1200 969 1236 viscera
988 1206 1069 1237 toto
1218 1196 1294 1236 555

102 1252 273 1290 Stridere
293 1265 383 1301 apes
404 1259 525 1297 utero,
546 1260 583 1291 et
603 1254 729 1302 ruptis
749 1253 936 1290 effervere
955 1253 1088 1296 costis3

98 1306 389 1355 Immensasque
408 1307 510 1343 trahi
531 1308 651 1344 nubes
659 1321 668 1350 3
690 1306 851 1354 jamque
871 1307 1007 1343 arbore
1026 1319 1176 1344 summa.

101 1359 308 1397 Confluere
328 1366 367 1397 et
385 1359 501 1397 lentis
522 1373 637 1396 uvam
658 1360 860 1396 demittere
879 1360 1008 1396 ramis.

154 1413 250 1449 Haec
270 1425 386 1461 super
405 1425 586 1449 arvorum
606 1414 712 1450 cultu
733 1425 991 1461 pecorumque
1010 1413 1206 1457 canebam,

98 1465 151 1502 Et
163 1478 279 1510 super
294 1466 512 1511 arboribus,
530 1465 660 1504 Caesar
675 1467 767 1503 dum
780 1478 945 1514 magnus
960 1466 1009 1503 ad
1023 1466 1144 1503 altum
1217 1467 1297 1503 560

99 1519 299 1556 Fulminat
319 1519 559 1568 Euphratem
574 1520 686 1565 bello,
706 1520 907 1568 victorque
927 1520 1100 1557 volentes

98 1572 176 1609 Per
196 1572 357 1621 populos
376 1574 441 1610 dat
463 1572 567 1621 jura,
590 1574 770 1621 viamque
789 1574 958 1610 adfectat
979 1572 1158 1623 Olympo.

98 1625 172 1662 Illo
193 1625 404 1675 Virgilium
425 1639 485 1663 me
505 1632 677 1676 tempore
696 1627 820 1664 dulcis
840 1627 967 1663 alebat

96 1679 356 1728 Parthenope,
376 1680 515 1717 studiis
534 1680 736 1717 florentem
754 1680 938 1728 ignobilis
956 1679 1037 1717 oti:

100 1731 283 1769 Carmina
298 1733 365 1781 qui
384 1733 458 1770 lusi
480 1739 687 1795 pastorum,
709 1734 913 1782 audaxque
926 1732 1103 1780 juventa,
1215 1733 1291 1770 565

99 1784 248 1835 Tityre,
269 1792 307 1823 te
327 1787 467 1836 patulae
486 1788 607 1824 cecini
627 1788 699 1824 sub
719 1786 888 1835 tegmine
906 1786 998 1836 fagi.

634 2134 752 2160 FINIS.
