1475 2712
483 189 677 218 Annamos
706 189 763 218 111.
1163 181 1216 220 53

43 287 274 337 Divinosque
292 288 406 333 lacus,
427 291 464 325 et
482 285 635 323 Averna
655 285 827 324 sonantia
846 285 971 332 silvis3

42 340 215 378 Insanam
236 347 355 379 vatem
369 339 561 390 adspicies,
582 352 677 389 quae
696 352 789 389 rupe
803 340 873 377 sub
891 340 967 377 ima

43 393 136 431 Fata
155 394 266 440 canit,
287 394 456 442 foliisque
475 398 583 430 notas
603 398 641 430 et
659 394 812 430 nomina
831 393 996 431 mandat,

44 448 312 497 Quaecumque
329 448 368 484 in
387 447 482 484 foliis
502 446 696 496 descripsit
715 446 880 483 carmina
898 447 1017 495 virgo,
1138 447 1215 485 445

41 500 193 549 Digerit
209 501 249 538 in
264 513 469 544 numerum,
490 505 602 548 atque
622 506 730 537 antro
750 500 892 537 seclusa
910 499 1104 549 relinquit.

41 554 110 591 Illa
129 559 281 592 manent
300 556 452 591 immota
470 553 572 598 loeis,
593 565 715 602 neque
735 553 782 590 ab
802 553 934 590 ordine
954 554 1109 593 cedunt.

42 607 184 644 Verum
203 607 342 652 eadem,
363 619 469 643 verso
489 606 613 644 tenuis
632 619 746 655 quum
765 606 920 643 cardino
939 611 1073 645 ventus

42 660 206 710 Impulit,
227 665 265 698 et
284 671 430 698 teneras
449 659 616 698 turbavit
630 659 747 708 janua
767 660 922 705 frondis,

41 714 251 762 Numquam
270 714 406 750 deinde
425 725 515 750 cavo
535 713 734 750 volitantia
752 713 941 762 prendere
960 725 1062 759 saxo,
1137 714 1215 751 450

40 768 121 804 Nec
139 779 312 803 revocare
331 767 435 812 situs,
456 772 521 804 aut
534 767 696 815 jungere
715 766 889 811 carmina,
906 772 1011 804 curat
1027 780 1035 804 :

42 819 249 857 Inconsulti
268 821 420 865 abeunt,
440 819 638 867 sedemque
658 819 770 856 odere
789 819 966 868 Sibyllae.

41 873 116 910 Hic
135 873 205 910 tibi
223 886 271 910 ne
288 886 360 922 qua
378 885 503 910 morae
521 873 660 910 fuerint
679 872 874 922 dispendia
892 873 989 910 tanti
1006 886 1015 916 ;

43 926 221 971 Quamvis
238 927 462 976 increpitent
483 926 583 971 socii,
604 930 642 964 et
659 926 696 963 vi
715 939 842 963 cursus
861 926 900 962 in
920 926 1037 964 altum

40 979 136 1016 Vela
156 984 273 1025 vocet,
294 980 483 1029 possisque
502 980 603 1016 sinus
625 979 781 1028 implere
800 979 983 1016 secundos
1003 993 1012 1023 ;
1136 980 1212 1020 455

43 1032 146 1078 Quin
165 1033 275 1070 adeas
294 1038 428 1078 vatem,
449 1033 706 1082 precibusque,
730 1033 892 1078 oracula,
914 1045 1055 1082 poscas,

40 1086 124 1135 Ipsa
142 1091 262 1132 canat,
284 1099 485 1135 vocemque
504 1086 632 1122 volens
651 1092 763 1134 atque
781 1098 846 1122 ora
864 1086 1038 1124 resolvat.

40 1139 109 1176 Illa
128 1139 197 1177 tibi
218 1139 348 1176 Italiae
366 1139 534 1188 populos,
555 1144 785 1186 venturaque
804 1139 912 1185 bella,

41 1192 91 1230 Et
110 1205 184 1241 quo
203 1205 383 1241 quemque
403 1192 514 1229 modo
532 1192 726 1240 fugiasque
744 1191 913 1241 ferasque
932 1192 1107 1240 laborem,

42 1245 247 1295 Expediet;
277 1258 480 1295 cursusque
498 1245 602 1283 dabit
622 1252 798 1283 venerata
817 1245 1011 1284 secundos.
1135 1246 1214 1285 460

39 1299 145 1336 Haec
160 1306 258 1344 sunt,
279 1312 372 1348 quae
391 1304 519 1337 nostra
536 1299 647 1336 liceat
667 1307 705 1337 te
724 1311 815 1336 voce
832 1299 990 1336 moneri.

39 1352 146 1391 Vade
164 1365 244 1401 age,
266 1358 304 1391 et
322 1353 515 1401 ingentem
532 1352 640 1389 factis
656 1352 711 1389 fer
731 1352 779 1389 ad
798 1352 949 1390 aethera
970 1353 1134 1402 Trojam.

93 1406 201 1451 Quae
220 1412 417 1455 postquam
437 1413 539 1442 vates
559 1405 611 1442 sic
630 1418 694 1442 ore
714 1406 847 1443 effatus
866 1406 984 1443 amico
1003 1414 1071 1452 est,

40 1459 151 1497 Dona
169 1459 316 1504 dehinc,
338 1472 428 1496 auro
446 1459 585 1507 gravia,
607 1464 781 1507 sectoque
799 1459 1011 1509 elephanto,

40 1513 202 1563 Imperat
221 1513 270 1550 ad
288 1513 392 1550 navis
410 1513 509 1558 ferri,
531 1512 718 1561 stipatque
736 1512 870 1550 carinis
1136 1512 1213 1551 465

39 1568 179 1617 Ingens
198 1573 408 1615 argentum,
427 1565 728 1613 Dodonaeosque
746 1566 899 1611 lebetas,

40 1621 212 1658 Loricam
231 1625 439 1658 consertam
457 1619 576 1656 hamis
596 1631 758 1668 auroque
776 1619 947 1665 trilicem,

41 1674 91 1713 Et
111 1686 245 1712 conum
264 1673 423 1722 insignis
441 1672 581 1721 galeae,
602 1673 807 1722 cristasque
826 1673 1019 1719 comantis,

40 1729 157 1765 Arma
175 1727 425 1776 Neoptolemi.
483 1726 580 1763 Sunt
600 1731 639 1763 et
659 1738 727 1763 sua
745 1726 845 1763 dona
863 1726 1023 1776 parenti.

39 1782 161 1819 Addit
180 1793 306 1830 equos,
327 1779 509 1828 additque
527 1779 641 1816 duces
657 1792 665 1816 :
1136 1781 1214 1820 470

41 1835 256 1884 Remigium
275 1833 442 1882 supplet:
473 1832 591 1869 socios
611 1831 720 1869 simul
738 1831 891 1870 instruit
910 1834 1034 1871 armis.

94 1888 242 1926 Interea
261 1887 415 1924 classem
434 1886 526 1923 velis
550 1891 680 1935 aptare
692 1885 852 1934 jubebat

42 1940 237 1986 Anchises,
259 1941 365 1978 fieret
383 1946 497 1977 vento
517 1951 621 1976 mora
637 1951 686 1976 ne
705 1951 779 1988 qua
796 1939 931 1976 ferenti
947 1952 957 1982 ;

42 1995 164 2040 Quem
186 1994 326 2031 Phoebi
345 1993 528 2042 interpres
548 1993 667 2030 multo
686 1993 885 2042 compellat
904 1993 1045 2031 honore
1061 2007 1069 2031 :

41 2048 239 2098 Conjugio,
257 2047 436 2091 Anchisa,
456 2046 614 2083 Veneris
628 2046 783 2094 dignate
802 2047 975 2095 superbo,
1135 2048 1213 2087 475

43 2103 142 2140 Cura
161 2100 286 2145 defim,
305 2100 363 2136 bis
384 2099 599 2148 Pergameis
619 2105 745 2148 erepte
763 2100 893 2144 ruinis,

42 2156 140 2193 Ecce
158 2154 227 2192 tibi
247 2154 435 2190 Ausoniae
452 2153 563 2190 tellus
579 2153 586 2190 Ξ
617 2153 713 2189 hanc
733 2152 861 2202 adripe
878 2153 979 2190 velis.

42 2210 93 2247 Et
111 2214 236 2247 tamen
254 2207 351 2243 hanc
369 2205 502 2255 pelago
521 2206 795 2255 praeterlabare
814 2219 961 2243 necesse
981 2211 1037 2244 est
1058 2220 1067 2245 ε

41 2261 231 2301 Ausoniae
249 2272 334 2309 pars
348 2259 412 2296 illa
431 2258 573 2307 procul,
591 2271 701 2307 quam
721 2259 853 2307 pandit
876 2259 1028 2308 Apollo.

40 2316 162 2360 Vade,
180 2314 244 2359 ait,
266 2326 288 2350 o
306 2313 396 2349 felix
413 2312 493 2349 nati
511 2312 651 2361 pietate
671 2312 678 2349 Ζ
708 2312 798 2360 quid
816 2312 916 2349 ultra
1134 2314 1213 2353 480

44 2367 244 2412 Provehor,
264 2373 302 2404 et
320 2365 434 2402 faudo
454 2365 641 2414 surgentis
661 2365 833 2402 demoror
851 2370 996 2403 austros
1012 2366 1031 2403 ἓ)

42 2425 121 2462 Nec
140 2421 263 2460 minus
278 2419 554 2464 Andromache,
576 2418 745 2466 digressu
764 2423 906 2457 moesta
924 2432 1106 2470 supremo,

590 2472 665 2510 E2
