1414 2666
165 162 215 200 58
558 176 594 204 P.
624 177 748 204 0v1D11
774 177 936 205 NASONIS
1239 166 1335 218 [Lm.

219 270 400 309 Servabas
413 271 432 309 ἒ)
458 273 566 321 potui
585 273 795 311 dedoluisse
814 274 942 312 semel.
1256 275 1336 314 480

164 324 312 362 Bacche
331 326 432 370 levis,
453 327 643 376 leviorque
662 329 748 374 tuis,
768 341 848 377 quae
877 334 1046 377 tempora
1063 327 1233 377 cingunt,

219 377 249 415 F
253 380 430 416 rondibus
447 393 455 424 ;
484 380 524 417 in
542 381 725 431 lacrymas
744 383 894 431 cognite
913 381 1059 419 Bacche
1077 394 1201 427 meas3
1251 390 1260 407 ⁶

166 430 294 469 Ausus
315 445 353 470 es
370 439 458 471 ante
477 435 602 471 oculos
621 435 784 473 adducta
803 436 933 485 pellice
951 442 1112 474 nostros.

219 486 313 522 Tam
332 487 428 524 bene
447 488 691 537 compositum
711 489 910 527 sollicitare
927 495 1050 528 torum
1065 489 1086 526 P

167 538 257 576 Heu
277 541 339 577 ubi
360 547 469 590 pacta
487 542 579 580 fides
594 542 613 579 ἒ)
640 543 715 588 ubi,
737 556 818 592 quae
833 544 962 592 jurare
979 544 1122 580 solebas
1136 543 1156 581 ἒ)
1263 543 1340 582 485

218 593 281 630 Me
300 594 480 640 miseram,
501 597 642 645 quoties
661 596 740 633 haec
755 610 825 646 ego
844 599 957 634 verba
974 597 1130 646 loquor!

167 646 311 684 Thesea
330 650 514 698 culpabas,
534 650 775 698 fallacemque
793 653 872 700 ipse
891 652 1048 688 vocabas
1067 664 1075 688 ε

218 701 244 738 J
248 702 370 739 udicio
387 716 516 752 peccas
534 705 681 753 turpius
700 704 778 753 ipse
796 711 874 742 tuo.

166 754 226 791 Ne
245 756 338 793 sciat
357 757 427 794 hoc
447 758 653 806 quisquam,
673 758 872 807 tacitisque
891 758 1082 796 doloribus
1097 770 1213 797 urar:

221 809 281 846 Ne
298 811 410 848 toties
429 811 506 847 falli
526 812 641 860 digna
660 811 772 848 fuisse
790 818 916 861 puter.
1265 811 1343 851 490

169 862 362 912 Praecipue
380 865 523 913 cupiam
546 865 657 901 celari
679 865 848 910 Thesea3
877 878 926 903 ne
944 871 983 904 te

223 916 443 954 Consortcm
463 919 582 968 culpae
601 919 766 967 gaudeat
785 932 864 958 esse
883 933 973 957 suae.

168 971 232 1014 At,
253 978 357 1019 puto,
374 974 573 1021 praeposita
593 978 649 1010 est
668 973 780 1010 fuseae
797 974 886 1011 mihi
906 974 1067 1011 candida
1084 974 1221 1024 pellex.

222 1024 382 1063 Eveniat
401 1027 538 1063 nostris
558 1026 727 1064 hostibus
746 1027 810 1064 ille
829 1028 954 1066 color!

170 1077 274 1122 Quid
293 1084 418 1116 tamen
438 1080 508 1117 hoc
526 1080 651 1125 refert,
672 1081 764 1118 vitio
783 1082 852 1118 tibi
870 1082 1014 1131 gratior
1032 1082 1112 1132 ipso
1131 1086 1200 1120 est.
1266 1079 1344 1118 495

223 1132 327 1178 Quid
346 1133 435 1170 facis
451 1134 469 1171 P
499 1134 690 1182 amplexus
710 1135 880 1183 inquinat
898 1136 964 1173 illa
981 1142 1079 1174 tuos.

170 1185 329 1231 Bacche,
349 1188 459 1224 fidem
480 1195 615 1237 praesta
632 1202 640 1232 ;
662 1201 730 1225 nec
750 1190 883 1238 praefer
903 1191 1090 1228 amoribus
1108 1189 1223 1227 ullam

223 1240 404 1290 Conjugis
423 1252 578 1280 assueta}
597 1255 740 1291 semper
760 1255 882 1280 amare
901 1243 1032 1280 virum.

171 1293 361 1343 Cepcrunt
382 1301 539 1333 matrem
559 1296 710 1332 formosi
729 1309 869 1334 cornua
888 1297 986 1335 tauri
1002 1310 1010 1340 3

226 1349 289 1386 Me
308 1354 374 1386 tua
390 1363 397 1386 :
428 1354 467 1386 at
485 1349 545 1386 hic
565 1349 666 1386 laudi
686 1355 752 1395 est,
773 1350 836 1386 ille
855 1351 1053 1399 pudendus
1071 1361 1185 1387 amor.
1268 1347 1346 1385 500

170 1405 203 1443 N
208 1418 229 1442 e
246 1409 390 1447 noceat,
407 1404 504 1452 quod
520 1415 603 1439 amo
619 1415 628 1440 ε
647 1415 769 1451 neque
787 1404 886 1440 enim
905 1404 986 1449 tibi,
1005 1403 1162 1449 Bacche,
1175 1402 1346 1448 nocebat,

224 1457 336 1505 Quod
356 1457 520 1494 flammas
538 1458 646 1494 nobis
664 1457 781 1494 fassus
801 1470 841 1494 es
863 1457 942 1507 ipse
961 1463 1059 1495 tuas.

170 1513 262 1557 Nec,
284 1511 383 1560 quod
403 1524 470 1548 nos
489 1510 578 1556 uris,
596 1512 729 1548 mirum
747 1511 851 1548 facis.
908 1512 1026 1550 Ortus
1043 1511 1084 1549 in
1102 1510 1191 1561 igne

225 1566 382 1610 Diceris,
403 1570 442 1602 et
460 1565 579 1614 patria
599 1570 729 1614 raptus
749 1566 796 1602 ab
815 1567 904 1614 igne
922 1578 1048 1603 manu.

172 1621 241 1658 Illa
261 1632 331 1668 ego
352 1632 443 1664 sum,
458 1619 517 1655 cui
537 1625 579 1656 tu
599 1620 728 1657 solitus
748 1620 966 1669 promittere
984 1620 1131 1657 coelum.
1266 1617 1343 1655 505

225 1674 313 1711 Heu
330 1674 431 1718 mihi,
447 1686 514 1722 pro
534 1674 626 1710 coelo
645 1674 767 1722 qualia
788 1674 887 1711 dona
905 1673 984 1711 fero
1004 1674 1013 1712 ἒ

172 1729 336 1766 Dixerat
354 1741 362 1765 :
393 1728 546 1764 audibat
560 1727 786 1776 jamdudum
805 1728 918 1765 verba
937 1727 1126 1776 querentis

226 1783 353 1827 Liber,
374 1787 416 1819 ut
435 1795 456 1818 a
475 1787 582 1829 tergo
601 1782 699 1819 forte
718 1789 868 1819 secutus
887 1787 980 1820 erat.

173 1837 345 1885 Occupat
365 1836 549 1884 amplexu,
572 1835 826 1884 lacrymasque
843 1848 910 1884 per
928 1835 1056 1873 oscula
1074 1834 1189 1872 siccat
1204 1847 1212 1871 :

224 1890 287 1936 Et,
311 1889 454 1926 Pariter
474 1889 554 1925 coeli
574 1902 716 1926 summa
735 1893 917 1938 petamus,
938 1889 1002 1927 ait.
1272 1887 1350 1925 510

174 1945 234 1981 Tu
254 1943 342 1980 mihi
356 1943 490 1991 juncta
509 1948 603 1987 toro,
625 1943 716 1979 mihi
727 1943 861 1992 juncta
881 1943 1062 1980 vocabula
1083 1953 1230 1980 sumes:

223 1998 248 2035 J
251 2011 308 2034 am
328 1997 396 2035 tibi
416 2003 567 2034 mutatae
587 1997 724 2033 Libera
742 2009 879 2033 nomen
896 1997 983 2034 erit.

173 2051 330 2100 Sintque
349 2057 423 2088 tuae
443 2057 565 2089 tecum
585 2051 716 2088 faciam
736 2056 978 2088 monumenta
996 2062 1156 2096 coronae,

227 2105 418 2143 Vulcanus
438 2105 576 2142 Veneri
596 2117 708 2154 quam
727 2104 844 2150 dedit,
863 2104 917 2141 illi
935 2105 1018 2142 tibi.

174 2159 289 2198 Dicta
306 2159 405 2205 facit,
425 2171 665 2208 gemmasque
679 2170 812 2195 novem
827 2158 1067 2196 transformat
1079 2158 1120 2196 in
1133 2158 1252 2208 ignes.
1273 2156 1349 2195 515

225 2215 352 2251 Aurea
370 2226 436 2263 per
455 2213 580 2251 stellas
599 2225 698 2249 nunc
718 2212 830 2250 micat
846 2212 911 2250 illa
928 2224 1078 2250 novem.

176 2316 249 2353 Sex
268 2315 330 2352 ubi
350 2315 553 2360 sustulerit,
573 2314 731 2352 totidem
750 2313 968 2351 demerserit
985 2313 1106 2360 orbes,

232 2369 466 2418 Purpureum
485 2369 617 2418 rapido
636 2368 700 2417 qui
720 2367 824 2406 vehit
843 2380 912 2405 axe
931 2367 1030 2404 diem
1049 2381 1058 2412 ;

175 2423 307 2461 Altera
324 2423 515 2472 gramineo
535 2422 718 2472 spectabis
737 2421 892 2471 Equiria
911 2433 1051 2471 campo,
