1414 2666
174 170 224 206 23
624 179 814 208 AENEIDOS
840 179 884 208 11.

172 277 390 316 intendunt.
445 277 598 316 Scandit
615 276 735 316 fatalis
753 276 919 314 machina
937 288 1072 324 muros,

174 332 263 369 Feta
283 332 402 369 armis.
458 331 568 369 Pueri
587 331 735 375 circum,
753 330 1002 380 innuptaeque
1019 330 1173 382 puellae,

174 387 283 422 Sacra
302 390 449 429 canunt,
469 385 666 433 funemque
684 397 796 421 manu
814 384 1030 433 contingere
1047 385 1229 434 gaudent.

175 438 240 475 ma
262 439 371 482 subit,
393 439 606 488 mediaeque
624 438 766 475 minans
785 437 949 477 illabitur
965 439 1060 476 urbi.
1251 439 1332 478 240

176 492 209 528 (J)
231 492 371 541 patria!
401 505 433 536 o,
455 492 581 528 divum
599 492 740 536 domus,
762 491 894 528 Ilium!
924 498 972 536 et,
993 492 1133 529 incluta
1150 491 1260 540 bello,

176 546 323 583 Moenia
343 545 600 582 Dardanidum
615 545 623 583 Ξ
654 550 783 593 quater
801 545 880 594 ipso
897 545 936 581 in
953 545 1079 583 limine
1097 551 1226 595 portae

176 600 361 645 Substitit,
383 605 494 648 atque
513 605 619 637 utero
638 598 797 636 sonitum
813 604 944 648 quater
962 612 1061 636 arma
1080 599 1230 638 dedere.

178 653 360 690 instamus
375 658 510 697 tamen,
532 653 772 697 immemores,
793 652 963 701 caecique
981 652 1115 699 furore,

180 706 223 744 lit
247 714 446 743 monstrum
467 706 594 743 infelix
614 712 754 743 sacrata
773 705 935 743 sistimus
954 718 1048 743 aree.
1256 707 1334 745 245

179 760 284 796 'l'unc
304 761 414 798 etiam
434 760 516 798 fatis
537 760 653 809 aperit
674 759 880 797 Cassandra
897 759 1034 796 futuris

177 816 187 844 ί
203 821 264 851 vra.
284 814 341 851 dei
357 814 462 862 jussu
478 826 553 850 non
571 825 743 861 umquam
762 812 902 849 credita
923 812 1088 849 Teucris.

178 868 253 904 Nos
272 868 425 904 delubra
444 867 552 904 defin]
573 866 705 911 miseri,
726 866 858 915 quibus
878 861 1030 904 ultim‘us
1049 870 1144 905 esset

180 921 242 957 ille
261 922 349 965 dies,
365 920 457 957 festa
476 921 636 957 velamus
655 920 787 957 fronde
805 931 869 968 per
889 919 1029 956 urbem.

229 975 397 1012 Vertitur
415 974 555 1011 interea
574 973 727 1018 coelum,
749 978 785 1010 et
804 973 878 1009 ruit
897 986 1033 1010 oceano
1053 974 1151 1019 Nox,
1257 975 1335 1014 250

182 1029 374 1065 Involvens
394 1028 523 1064 umbra
541 1040 670 1074 magna
687 1033 895 1076 terramque
915 1027 1125 1077 polumque,

178 1082 527 1131 Myrmidonumque
546 1081 671 1118 dolos:
700 1080 771 1117 susi
793 1093 856 1129 per
875 1080 1028 1126 moenia,
1052 1081 1186 1119 Teucri

178 1136 400 1173 Conticuere
417 1149 424 1172 :
455 1147 563 1184 sopor
582 1134 694 1171 fessos
714 1133 971 1182 complectitur
989 1139 1104 1172 artus.

181 1189 227 1227 lit
242 1189 319 1237 jam
336 1189 478 1238 Argiva
496 1189 656 1238 phalanx
678 1188 870 1225 instructis
889 1188 1044 1225 navibus
1059 1188 1138 1227 ibat

176 1246 206 1278 A
232 1243 396 1289 Tenedo,
418 1242 551 1280 tacitae
564 1254 629 1291 per
648 1242 764 1278 amica
783 1241 927 1278 silentia
945 1241 1066 1288 lunae,
1255 1242 1335 1282 255

178 1296 321 1334 Littora
341 1303 428 1334 nota
448 1302 586 1344 petens,
607 1296 770 1332 flammas
798 1307 910 1343 quum
928 1294 1029 1343 regia
1047 1295 1180 1345 puppis

181 1350 395 1395 lixtulerat3
425 1349 580 1398 fatisque
599 1349 708 1385 defun
728 1348 898 1385 defensus
917 1347 1062 1397 iniquis,

181 1404 338 1441 inclusos
358 1411 464 1442 utero
484 1403 635 1440 Danaos
655 1407 691 1440 et
710 1402 819 1451 pinea
837 1401 962 1439 furtim

178 1458 296 1495 Laxat
315 1458 473 1495 claustra
494 1457 608 1494 Sinon
630 1470 638 1493 :
667 1455 759 1501 illos,
780 1455 996 1504 patefactus,
1017 1454 1064 1492 ad
1082 1467 1190 1493 auras

176 1512 315 1549 infudit
338 1525 462 1560 equus,
484 1511 643 1559 laetique
662 1522 751 1546 cavo
774 1521 811 1546 se
830 1509 962 1545 robore
980 1514 1154 1558 promunt
1259 1509 1337 1548 260

178 1565 431 1602 Thessandrus
453 1565 731 1612 Sthenelusque,
752 1563 877 1607 duces,
896 1566 934 1599 et
953 1562 1054 1599 dirus
1076 1562 1218 1609 Ulixes,

180 1620 383 1656 hemissum
406 1619 494 1668 lapsi
515 1631 580 1666 per
609 1618 745 1661 funem,
767 1618 1007 1664 Acamasque,
1029 1616 1236 1666 Thoasque,

181 1673 394 1722 Pelidesque
414 1671 690 1721 Neoptolemus,
711 1671 922 1719 primusque
941 1669 1135 1716 Machaon,

179 1727 223 1764 lit
248 1727 447 1772 Menelaus,
468 1733 505 1764 et
523 1725 600 1775 ipse
619 1725 694 1762 doli
712 1724 920 1769 fabricator,
941 1722 1073 1772 Epeos.

177 1781 363 1818 Invadunt
385 1781 510 1817 urbem
531 1791 658 1816 somno
677 1778 835 1825 vinoque
854 1776 1033 1826 sepultam
1050 1790 1059 1814 :
1256 1776 1333 1816 265

176 1835 393 1871 saeduntur
413 1834 551 1882 vigiles,
573 1832 759 1881 portisque
777 1830 989 1879 patentibus
1008 1830 1125 1868 omnis

176 1888 372 1937 Accipiunt
392 1888 518 1932 socios,
539 1893 648 1934 atque
665 1884 811 1933 agmina
830 1883 974 1920 conseia
995 1883 1174 1933 jungunt.

228 1942 388 1990 Tempus
408 1947 498 1986 erat,
518 1952 591 1989 quo
608 1939 724 1988 prima
743 1937 841 1986 quies
861 1936 1076 1975 mortalibus
1095 1937 1214 1987 aegris

179 1996 320 2044 incipit,
340 2001 377 2033 et
396 1994 494 2031 dono
512 1992 637 2030 divum
657 1991 863 2041 gratissima
880 1990 1007 2042 serpit3

180 2049 220 2084 ln
241 2049 388 2094 somnis,
408 2048 514 2085 ecoe!
544 2052 629 2084 ante
649 2046 774 2083 oculos
793 2043 1051 2082 moestissimus
1071 2043 1214 2082 Hector
1257 2043 1336 2084 270

180 2103 288 2139 Visus
307 2103 432 2139 adesse
450 2100 550 2146 mihi,
570 2100 764 2151 largosque
782 2098 970 2135 effundere
989 2097 1096 2135 fletus
1116 2110 1126 2141 ;

179 2157 360 2206 Raptatus
379 2155 484 2204 bigis,
505 2160 546 2192 ut
566 2153 761 2202 quondam,
782 2158 932 2200 aterque
951 2156 1106 2189 cruento

180 2210 347 2255 Pulvere,
368 2221 504 2259 perque
522 2207 633 2258 pedes
651 2206 827 2255 trajectus
845 2205 923 2242 lora
941 2206 1130 2243 tumentis.

179 2264 252 2300 Ilei
273 2263 383 2300 mihi!
414 2262 528 2310 qualis
546 2260 647 2298 erat!
678 2265 855 2308 quantum
875 2262 1039 2296 mutatus
1057 2259 1104 2296 ab
1121 2257 1185 2296 illo

178 2317 353 2362 Hectore,
374 2317 435 2365 qui
453 2315 551 2353 redit
570 2314 719 2352 exuvias
737 2313 890 2350 indutus
911 2311 1061 2358 Achilli,
1257 2314 1334 2353 275

178 2371 247 2408 Vel
268 2370 439 2407 Danafim
460 2369 643 2419 Phrygios
656 2367 841 2417 jaculatus
859 2365 1042 2415 puppibus
1059 2365 1156 2414 ignis
1175 2365 1184 2403 l

177 2423 413 2478 Squalentem
431 2423 594 2468 barbam,
614 2427 652 2461 et
671 2424 861 2463 concretos
877 2417 1057 2468 sanguine
1075 2419 1195 2468 crinis,
