1475 2712
169 207 266 259 1v.]
582 204 928 244 GEORGICON.

1306 213 1329 246 <a

1333 212 1355 246 Cn

228 314 270 352 Si
290 326 394 359 vero,
415 312 595 361 quoniam
614 324 723 349 casus
743 312 879 360 apibus
898 324 1050 360 quoquc
1070 320 1220 351 nostros

168 367 265 405 Vita
282 367 383 412 tulit,
404 366 505 403 tristi
526 366 766 412 languebunt
784 378 944 413 corpora
963 367 1093 403 morbo
1101 381 1111 410 3

170 420 283 466 Quod
297 420 377 468 jam
397 432 473 456 non
492 419 620 455 dubiis
639 419 781 467 poteris
800 431 1028 466 cognoscere
1049 420 1186 467 signis:

168 472 365 510 Continuo
383 477 442 510 est
460 472 572 519 aegris
592 471 690 508 alius
709 471 829 514 color;
850 472 1006 509 horrida
1026 473 1173 509 voltum

166 525 365 563 Deformat
384 525 523 562 macies
531 540 541 568 ς
560 530 640 561 tum
663 537 821 572 corpora
842 525 925 562 luce
945 532 1143 562 carentum
1274 529 1351 563 255

167 579 388 628 Exportant
407 578 532 623 tectis,
551 583 589 615 et
609 578 735 614 tristia
755 577 891 614 funcra
911 579 1074 622 ducunt3

167 632 252 669 Aut
270 632 343 668 illae
362 632 523 681 pedibus
543 642 726 668 connexae
746 631 794 667 ad
814 631 947 668 limina
966 632 1145 679 pendent,

166 687 250 722 Aut
268 686 372 722 intus
392 684 533 722 clausis
551 690 782 721 cunctantur
803 685 843 719 in
862 685 1018 728 aedibus,
1041 697 1173 722 omnes

165 738 400 787 Ignavaefiue
417 737 519 774 fame
539 743 576 774 et
596 743 793 774 contracto
812 737 957 785 frigore
977 738 1112 786 pigrae.

166 791 269 828 Tum
290 804 404 828 sonus
424 791 579 828 auditur
598 791 764 839 gravior,
785 791 1016 839 tractimque
1034 797 1253 835 susurrant3
1274 794 1352 829 260

165 844 350 892 Frigidus
370 849 412 881 ut
431 844 622 892 quondam
642 843 750 880 silvis
769 844 1042 881 immurmurat
1062 842 1208 881 Auster
1216 860 1225 888 3

165 897 225 935 Ut
243 910 348 935 mare
367 897 574 935 sollicitum
593 897 729 934 stridet
749 897 1002 934 refluentibus
1024 898 1153 940 undis;

163 950 325 987 AEstuat
343 956 386 987 ut
404 950 543 987 clausis
563 950 720 998 rapidus
739 949 958 987 fornacibus
978 951 1091 998 ignis.

164 1004 243 1041 Hic
256 1003 338 1051 jam
357 1003 563 1052 galbaneos
583 1003 750 1040 suadebo
768 1003 973 1040 incendere
992 1004 1138 1049 odores,

163 1055 358 1104 Mellaque
377 1056 600 1093 arundineis
619 1055 763 1093 inferre
783 1057 990 1101 canalibus,
1012 1058 1115 1094 ultro
1272 1059 1350 1095 :265

164 1109 398 1147 Hortantcm
416 1114 456 1146 et
475 1108 593 1146 fessas
611 1109 658 1145 ad
680 1109 820 1156 pabula
839 1116 930 1146 nota
951 1116 1162 1148 vocantem.

162 1162 343 1200 Proderit
361 1168 400 1200 et
418 1168 576 1199 tunsum
595 1162 706 1210 gallae
724 1162 934 1200 admiscere
954 1175 1128 1212 saporem

162 1215 408 1264 Arentesque
427 1228 543 1260 rosas,
565 1220 631 1252 aut
650 1215 732 1264 igni
751 1216 912 1264 pinguia
931 1217 1052 1253 multo

162 1267 338 1314 Defruta,
359 1268 423 1305 vel
442 1267 588 1306 Psithia
606 1281 737 1317 passos
756 1270 803 1306 de
824 1269 903 1306 vite
922 1281 1103 1314 racemos,

163 1321 470 1371 Cecropiumque
486 1322 677 1371 thymum,
692 1329 730 1359 et
744 1334 864 1370 grave
876 1322 1018 1360 olentia
1033 1330 1250 1361 centaurea.
1272 1322 1352 1363 270

162 1374 237 1412 Est
255 1376 372 1413 etiam
390 1376 460 1412 flos
479 1375 520 1411 in
540 1375 672 1423 pratis,
692 1375 756 1412 cui
776 1388 914 1413 nomen
934 1376 1072 1413 amello

162 1428 306 1466 Fecere
325 1428 512 1477 agricolae,
533 1428 657 1466 facilis
677 1429 940 1477 quaerentibus
959 1429 1096 1473 herba3

162 1481 343 1531 Namque
362 1494 440 1518 uno
458 1482 655 1530 ingentem
674 1482 775 1519 tollit
795 1483 841 1519 de
860 1483 1005 1530 cespite
1026 1483 1176 1526 silvam,

163 1533 320 1573 Aureus
338 1535 432 1584 ipsc,
455 1535 521 1572 sed
539 1535 581 1571 in
600 1534 715 1580 loliis,
735 1547 821 1584 quae
841 1536 1008 1584 plurima
1025 1536 1173 1573 circum

162 1589 409 1634 Funduntur,
431 1588 542 1625 violae
560 1589 736 1626 sublucet
755 1602 927 1638 purpura
946 1589 1087 1638 nigrae;
1267 1590 1348 1629 275

163 1640 273 1692 Saepe
292 1643 406 1679 deum
425 1642 538 1679 nexis
556 1647 701 1679 ornatae
718 1643 921 1689 torquibus
941 1655 1034 1686 arae3

161 1696 293 1745 Asper
311 1696 352 1732 in
371 1707 437 1732 ore
456 1707 587 1744 sapor;
605 1694 727 1731 tonsis
745 1695 787 1731 in
806 1695 972 1733 vallibus
991 1695 1101 1732 illum

159 1748 336 1786 Pastores
355 1753 394 1785 ct
413 1760 533 1785 curva
550 1748 685 1797 legunt
705 1761 824 1797 prope
843 1749 1004 1786 fiumina
1023 1747 1162 1786 Mellae.

161 1801 293 1850 Hujus
312 1801 469 1839 odorato
488 1801 635 1838 radices
653 1801 816 1849 incoque
835 1801 1001 1846 Baccho,

160 1853 381 1903 Pabulaque
399 1855 440 1891 in
460 1854 608 1892 foribus
627 1854 751 1904 plenis
768 1867 918 1903 appone
936 1855 1129 1892 canistris.
1271 1857 1349 1893 280

217 1908 292 1947 Sed
312 1908 344 1945 si
363 1920 477 1956 quem
495 1908 621 1956 proles
640 1906 766 1944 subito
785 1907 968 1945 defecerit
989 1909 1123 1953 omnis,

159 1961 253 2007 Nec,
273 1973 396 2010 genus
414 1961 516 1998 unde
536 1974 645 1998 novae
665 1961 795 2010 stirpis
813 1967 1029 2007 revocetur,
1050 1962 1225 2006 habebit3

162 2015 334 2064 Tempus
353 2020 391 2052 et
411 2014 573 2052 Arcadii
594 2013 835 2052 memoranda
854 2015 1013 2052 inventa
1032 2016 1208 2063 magistri

159 2068 349 2113 Pandere,
369 2080 521 2116 quoque
540 2068 653 2105 modo
671 2068 779 2105 caesis
793 2067 873 2115 jam
895 2080 994 2117 saepe
1007 2068 1189 2116 juvencis

159 2122 383 2159 Insincerus
402 2133 492 2168 apes
511 2121 645 2158 tulerit
663 2134 788 2158 cruor.
850 2121 979 2158 Altius
999 2134 1150 2159 omnem
1270 2123 1347 2159 285

159 2174 378 2224 Expediam
396 2174 521 2222 prima
539 2180 715 2222 repetens
735 2175 783 2211 ab
802 2175 951 2222 origine
970 2174 1123 2212 famam.

159 2228 264 2266 Nam
283 2240 359 2276 qua
377 2226 509 2264 Pellaei
527 2239 622 2275 gens
640 2227 836 2265 fortunata
856 2227 1005 2275 Canopi

159 2281 318 2319 Accolit
336 2279 456 2318 effuso
475 2286 718 2329 stagnantem
736 2281 895 2318 flumine
914 2279 1062 2326 Nilum,

159 2333 215 2371 Et
229 2335 373 2372 circum
392 2334 507 2382 pictis
526 2334 683 2371 vehitur
702 2346 771 2371 sua
790 2346 878 2370 rura
897 2333 1026 2372 faselis
1044 2349 1055 2378 3

162 2386 325 2435 Quaque
343 2388 573 2436 pharetratae
592 2387 736 2424 vicinia
754 2386 922 2424 Persidis
939 2393 1089 2436 urguet,
1272 2389 1349 2426 290

161 2439 214 2478 Et
233 2441 386 2478 diversa
405 2453 520 2479 ruens
539 2445 685 2489 septem
705 2441 885 2479 discurrit
903 2441 944 2478 in
964 2453 1031 2478 ora
