1475 2712
83 199 110 228 1.
111 189 132 241 j
605 201 727 230 usn.
1214 193 1260 229 11

84 296 140 335 At
157 296 257 335 bona
274 298 471 348 posteritas
489 297 644 347 puppim
661 297 824 335 servavit
841 296 882 334 in
900 308 985 343 aere,

138 348 310 400 Hospitis
329 352 530 389 adventum
549 350 724 389 testificat
743 350 816 388 dei.
1094 384 1096 388 ,
1184 351 1263 388 240

85 401 171 453 Ipse
189 404 310 442 solum
329 405 437 450 colui,
457 404 562 452 cujus
581 404 828 453 placidissima
845 403 981 441 loevum

140 456 260 496 Radit
279 459 424 496 arenosi
444 458 474 494 T
477 458 608 496 ibridis
626 458 730 495 unda
748 458 858 496 latus.

87 508 176 556 Hic,
195 511 262 549 ubi
276 524 376 554 nunc
396 511 519 548 Roma
537 516 606 557 est,
626 511 800 549 incaedua
816 511 922 561 sylva
940 510 1085 550 virebat
1105 524 1114 549 :

139 563 337 614 Tantaque
353 578 413 602 res
432 565 559 614 paucis
578 577 715 614 pascua
734 565 854 602 bubus
873 568 967 602 erat.

86 617 171 655 Arx
184 630 267 656 mea
286 618 389 656 collis
409 623 499 664 erat,
516 631 632 668 ,quem
651 618 791 655 cultrix
813 618 965 656 nomine
983 621 1113 656 nostro
1185 617 1263 655 245

138 670 344 722 Nuncupat
362 672 441 709 haec
459 678 562 718 aetas,
581 671 873 721 ¹Ianiculumque
891 676 1014 709 vocat.

88 723 198 762 Tunc
216 737 288 775 ego
306 726 520 774 regnabam,
539 726 687 775 patiens
703 738 788 763 cum
807 731 908 764 terra
926 724 1083 762 deorum

139 776 261 825 Esset,
282 783 321 816 et
339 779 511 816 humanis
530 779 685 816 numina
703 780 813 817 mista
831 779 936 816 locis.

85 830 266 869 Nondum
280 832 465 881 justitiam
483 833 627 870 facinus
645 833 803 870 mortale
821 832 971 882 fugarat
990 845 999 869 :

141 884 285 923 Ultima
305 885 352 923 de
370 887 512 935 superis
530 887 595 923 illa
613 886 763 936 reliquit
781 886 947 924 humum.
1186 885 1266 923 250

86 936 232 987 Proque
250 944 352 976 metu
368 941 547 989 populum
563 940 642 977 sine
661 940 698 977 vi
716 940 838 989 pudor
856 940 935 989 ipse
953 939 1109 989 regebat
1129 952 1137 984 ;

139 991 278 1029 Nullus
297 998 389 1038 erat,
403 994 518 1042 justis
537 994 695 1031 reddere
709 994 808 1043 jura,
829 993 946 1032 labor.

85 1044 153 1082 Nil
167 1045 258 1083 mihi
278 1058 362 1083 cum
382 1048 480 1084 bello
500 1061 508 1085 :
538 1060 667 1097 pacem
685 1052 886 1097 postesque
903 1047 1037 1086 tuebar
1053 1059 1061 1084 :

140 1097 192 1137 Et
210 1099 350 1136 clavem
370 1101 583 1146 ostendens,
598 1100 705 1147 Haec,
727 1101 791 1146 ait,
812 1113 915 1138 arma
928 1113 1034 1150 gero.

87 1151 279 1190 Presserat
298 1165 363 1190 ora
382 1154 484 1191 deus.
545 1155 653 1191 Tune
671 1155 723 1191 sic
742 1159 871 1192 nostra.
890 1167 955 1193 ora
973 1153 1132 1199 resolvo,
1187 1152 1265 1190 255

140 1205 244 1244 Voce
262 1218 346 1243 mea
363 1220 472 1244 voces
491 1208 663 1245 eliciente
682 1208 741 1245 dei
759 1221 767 1245 :

88 1257 186 1297 Cum
202 1263 261 1298 tot
275 1260 351 1298 sint
368 1261 395 1298 J
397 1262 469 1306 ani,
490 1274 557 1298 cur
576 1266 652 1299 stas
667 1267 834 1299 sacratus
852 1261 892 1298 in
912 1273 1000 1307 uno,

138 1312 215 1351 Hie
233 1313 298 1351 ubi
308 1313 441 1363 juncta
454 1315 542 1351 foris
561 1315 700 1364 templa
719 1315 866 1352 duobus
881 1315 995 1353 habes
1013 1313 1033 1351 ἱ)

86 1364 156 1404 Ille
173 1378 288 1404 manu
306 1367 472 1405 mulcens
492 1381 693 1417 propexam
712 1369 761 1405 ad
780 1374 933 1418 pectora
952 1367 1118 1413 barbam,

141 1419 320 1459 Protinus
341 1421 484 1458 OEbalii
502 1422 632 1459 retulit
651 1434 754 1459 arma
775 1422 852 1460 Titi
871 1435 881 1466 ;
1185 1418 1266 1458 260

89 1472 218 1523 thue
236 1474 328 1512 levis
348 1481 484 1520 custos,
507 1475 660 1512 armillis
680 1480 790 1524 capta
810 1475 971 1526 Sabinis,

139 1526 204 1565 Ad
222 1540 375 1565 summa:
398 1529 550 1567 Tatium
570 1529 721 1567 duxerit
739 1529 834 1566 arcis
853 1530 938 1567 iter.

87 1579 194 1626 Inde,
217 1581 321 1619 velut
339 1594 439 1619 nunc
458 1588 525 1626 est,
546 1595 613 1631 per
632 1595 743 1631 quem
764 1582 1004 1629 descenditis,
1023 1581 1158 1632 inquit,

141 1634 297 1672 Arduus
311 1635 352 1671 in
370 1636 484 1673 valles
507 1635 603 1673 Fora
622 1636 739 1673 clivus
753 1642 848 1674 erat.

89 1686 141 1726 Et
152 1686 232 1736 jam
252 1688 463 1737 contigerat
482 1695 642 1738 portam,
665 1689 843 1728 Saturnia
860 1689 967 1740 cujus
1185 1687 1264 1727 265

140 1740 341 1779 Demserat
359 1743 547 1792 appositas
563 1743 743 1780 insidiosa
762 1756 876 1782 seras.

89 1792 186 1831 Cum
203 1799 312 1833 tanto
330 1797 470 1834 veritus
489 1797 723 1834 committere
742 1797 896 1834 numine
913 1808 1092 1847 pugnam,

141 1847 226 1898 Ipse
244 1861 335 1886 meae
355 1850 453 1886 movi
473 1850 628 1887 callidus
647 1850 738 1888 artis
756 1862 871 1899 0pus;

90 1900 254 1951 Oraque,
275 1915 349 1951 qua
361 1903 505 1952 pollens
524 1915 597 1952 ope
615 1915 709 1948 sum,
725 1903 882 1941 fontana
899 1903 1036 1942 reclusi
1054 1917 1064 1950 ;

143 1954 310 2004 Sumque
324 1957 539 2006 repentinas
557 1956 763 2005 eiaculatus
778 1969 903 2005 aquas.
1188 1953 1268 1994 270

89 2007 194 2046 Ante
212 2012 339 2047 tamen
357 2010 492 2058 gelidis
507 2010 648 2059 subjeci
667 2010 847 2059 sulphura
866 2010 984 2057 venis,

144 2059 347 2100 Clauderet
365 2069 408 2101 ut
429 2064 540 2101 Tatio
555 2063 720 2101 fervidus
735 2063 869 2102 humor
887 2064 974 2103 iter.

91 2113 210 2164 Cujus
228 2120 273 2153 ut
292 2116 435 2154 utilitas
453 2118 570 2166 pulsis
585 2123 760 2167 percepta
775 2118 947 2164 Sabinis;

143 2167 316 2219 Quaeque
329 2169 414 2215 fuit,
433 2175 519 2209 tuto
541 2170 690 2208 reddita
703 2170 823 2209 forma
840 2171 924 2209 loco
943 2174 1001 2209 est
1019 2183 1030 2216 ;

90 2222 171 2259 Ara
189 2222 281 2259 mihi
300 2223 420 2272 posita
439 2229 508 2269 est,
528 2236 644 2273 parvo
663 2223 866 2274 conjuncta
885 2224 1020 2263 sacello
1190 2222 1268 2262 275

142 2273 239 2313 Haec
258 2275 385 2314 adolet
402 2278 560 2315 flammis
579 2290 664 2315 cum
683 2282 786 2316 strue
802 2278 902 2316 farra
919 2278 1006 2315 suis.

90 2326 148 2366 At
166 2341 233 2366 cur
249 2341 341 2378 pace
358 2330 464 2377 lates,
484 2331 668 2380 motisque
686 2332 888 2370 recluderis
907 2331 1019 2369 armis
1038 2329 1057 2367 Ρ

141 2381 224 2420 Nec
241 2395 366 2428 mora;
395 2385 543 2434 quaesiti
561 2384 711 2429 reddita
728 2397 840 2422 causa
857 2385 959 2422 mihi.

93 2433 150 2475 Ut
167 2435 308 2486 populo
321 2437 466 2477 reditus
483 2443 639 2490 pateant
657 2438 707 2476 ad
723 2438 823 2477 bena
840 2439 1020 2490 profecto,
