1414 2666
179 168 231 205 48
624 178 834 205 camanum
864 179 918 204 1¹1.

279 275 359 313 Vos
380 275 578 312 Caeserem
597 275 727 320 altum,
746 275 879 312 militia
897 275 1009 311 simul

279 328 412 367 Fessas
426 329 599 366 cohortes
619 328 767 366 abdidit
788 328 948 377 oppidis,

330 383 458 420 Finire
477 386 720 431 quaerentem
737 382 895 427 labores,

382 436 507 473 Pierio
525 435 702 473 recreatis
721 440 830 473 antro
846 448 855 472 :

276 489 355 527 Vos
373 490 459 528 lene
478 489 673 527 consilium
693 493 732 526 et
751 488 859 532 datis,
878 492 917 526 et
937 488 1026 525 dato

276 543 460 581 Gaudetis
480 543 613 581 almae.
670 542 815 580 Scimus
833 547 878 579 ut
895 541 1027 591 impios

327 597 484 635 Titanas
502 597 776 645 immanemque
795 600 956 633 turmam

380 650 553 688 Fulmine
573 649 766 687 sustulerit
786 649 942 693 caduco,

273 704 349 749 Qui
369 709 505 742 terram
521 704 691 749 inertem,
706 703 771 752 qui
783 715 886 740 mare
897 707 1083 751 temperat

270 758 495 803 Ventosum,
516 762 554 794 et
572 757 695 802 urbes,
716 768 910 805 regnaque
929 756 1061 800 tristia,

321 811 527 860 Divosque,
547 810 799 858 mortalesque
810 809 954 854 turbas,

378 864 539 914 Imperio
558 863 657 912 regit
676 875 774 899 unus
793 874 927 911 aequo.

269 918 453 967 Magnum
474 918 538 954 illa
557 922 737 954 terrorem
754 915 936 953 intulerat
952 915 1053 960 Jovi,

270 971 422 1017 Fidens,
438 972 620 1019 juventus
638 969 801 1015 horrida,
822 968 994 1013 brachiis,

326 1025 554 1074 Fratresque
575 1023 777 1062 tendentes
796 1034 914 1072 opaco

378 1078 480 1115 Pelio
499 1077 718 1127 imposuisse
738 1076 915 1125 Olympo.

269 1132 344 1170 Sed
363 1133 453 1181 quid
476 1131 678 1180 Typhoeus
698 1135 737 1168 et
755 1129 901 1166 validus
921 1129 1069 1174 Mimas,

265 1187 347 1224 Aut
367 1186 457 1234 quid
477 1185 610 1222 minaei
628 1183 865 1233 Porphyrion
885 1188 998 1221 statu.

322 1239 424 1284 Quid
443 1239 627 1282 Rhoetus,
649 1237 860 1285 evulsisque
878 1237 1022 1273 truncis

376 1292 588 1329 Enceladus
601 1291 789 1340 jaculator
808 1289 944 1333 audax,

266 1345 410 1384 Contra
429 1352 623 1383 sonantem
645 1344 809 1381 Palladis
829 1343 963 1391 aegida

265 1398 424 1437 Possent
443 1405 595 1436 ruentes
613 1398 632 1435 ἶ)
678 1397 782 1434 Hine
796 1397 929 1433 avidus
947 1396 1053 1434 stetit

317 1453 534 1495 Vulcanus3
564 1452 653 1488 hinc
672 1455 842 1488 matrona
856 1450 972 1494 Juno,
994 1454 1044 1493 et,

371 1507 575 1555 Nunquam
594 1505 758 1541 humeris
777 1503 967 1553 positurus
985 1516 1125 1548 areum,

264 1561 340 1606 Qui
359 1573 444 1597 rore
462 1572 557 1609 puro
578 1559 763 1596 Castaliae
781 1558 874 1595 lavit

264 1614 395 1651 Crines
415 1614 569 1658 solutos,
591 1613 654 1662 qui
675 1612 815 1660 Lyciae
830 1616 935 1655 tenet

316 1668 483 1705 Dumeta
502 1667 740 1714 natalemque
758 1665 901 1708 silvam,

366 1721 500 1758 Delius
519 1726 557 1758 et
577 1720 759 1757 Patareus
781 1718 929 1768 Apollo.

260 1775 329 1813 Vis
347 1775 479 1812 consili
497 1787 629 1823 expers
647 1773 745 1810 mole
763 1772 840 1810 ruit
859 1785 925 1809 sua
940 1785 948 1809 z

258 1829 345 1865 Vim
363 1834 607 1877 tamperatam
626 1827 666 1863 di
685 1839 835 1875 quoque
853 1825 1066 1874 provehunt

313 1883 358 1919 In
373 1882 492 1930 majus
513 1894 521 1918 :
552 1881 651 1917 idem
666 1880 780 1916 odere
796 1879 893 1915 vires

362 1935 486 1972 Omne
505 1934 607 1971 nefas
626 1933 751 1970 animo
770 1938 976 1969 moventes.

311 1989 434 2026 Testis
453 2000 618 2024 mearum
634 1986 868 2023 centimanus
889 1985 1020 2035 Gyges

257 2042 549 2086 Sententiarum,
571 2046 684 2077 notus
703 2045 741 2077 et
758 2040 928 2088 integrae

308 2097 493 2133 Tentator
514 2095 634 2131 Orion
654 2093 814 2138 Dianae,

360 2149 542 2198 Virginea
562 2147 726 2185 domitus
745 2146 895 2195 sagitta.

253 2204 396 2253 Injeeta
415 2202 590 2240 monstris
611 2201 728 2238 Terra
747 2200 852 2237 dolet
869 2200 968 2242 suis;

253 2258 473 2306 Moeretque
494 2261 633 2305 partus,
652 2254 809 2291 fulmine
827 2253 990 2290 luridum

305 2311 439 2347 Missos
454 2310 502 2346 ad
523 2309 662 2347 Oreum
681 2321 690 2346 2
720 2320 789 2344 nee
807 2307 954 2356 peredit

359 2363 575 2413 Impositam
591 2362 688 2400 celer
707 2361 806 2410 ignis
823 2360 976 2397 Aetnen
992 2371 1000 2396 :

251 2417 527 2454 lneontinentis
546 2428 616 2453 nec
634 2416 739 2464 Tityi
760 2413 868 2462 jecur

1298 435 1349 471 40

1297 944 1349 1005 ἑο

1294 1236 1345 1274 55

1292 1501 1342 1540 60

1281 1767 1332 1806 65

1278 2304 1327 2342 75
