1475 2712
549 200 740 229 mvmnos
758 200 787 227 1.
984 183 986 185 ’
1198 188 1243 224 ll

94 299 164 337 Cui
182 303 299 337 mater
317 298 436 335 media
454 310 532 335 sese
550 298 636 335 tulit
651 298 758 334 obvia
775 296 877 340 silva,

93 352 257 401 Virginis
275 366 316 390 os
332 351 570 400 habitumque
590 364 733 400 gerens,
753 357 790 387 et
805 350 961 398 *virginis
976 361 1075 387 arma

93 406 297 456 Spartanae
312 419 321 448 ;
351 405 405 441 vel
425 405 542 453 qualis
560 417 675 454 equos
695 404 865 440 Threissa
878 403 1011 451 fatigat
1169 402 1244 439 32«)

95 458 318 509 Harpalyce,
339 458 596 507 volucremque
614 458 701 506 fuga
721 457 965 506 praevertitur
987 457 1140 493 Eurum.

91 512 262 562 Namque
280 511 439 549 humeris
457 511 503 548 de
518 524 616 548 more
635 511 791 548 habilem
811 510 1053 559 suspenderat
1071 522 1195 547 arcum

93 565 284 608 Venatrix,
301 565 526 613 dederatque
545 577 682 601 comam
704 564 910 601 diffundere
927 564 1057 609 ventis,

93 619 204 657 Nuda
223 631 333 668 genu,
355 618 525 668 nodoque
544 618 645 655 sinus
663 618 817 655 collecta
830 617 990 654 fluentis.

90 674 148 710 Ac
159 673 270 722 prior,
290 672 403 715 lleus,
421 671 552 720 inquit,
562 672 718 720 juvenes
734 672 742 708 1
762 679 972 714 monstrate,
990 683 1150 707 mearum
1168 670 1244 706 :325

88 726 242 764 Vidistis
261 726 288 762 si
309 737 416 773 quam
437 725 495 762 hic
514 732 694 762 errantem
715 725 811 762 forte
829 736 1006 769 sororum,

94 779 324 818 Succinctam
347 778 528 826 pharetra,
549 784 586 816 et
603 778 807 815 maculosae
826 777 989 825 tegmine
1008 778 1136 827 lynci3‚

91 833 171 871 Aut
190 832 392 883 spumantis
411 833 488 880 apri
508 845 653 869 cursum
674 833 831 868 clamore
850 839 1089 880 prementem.

140 886 201 924 Sic
221 887 370 928 Venus;
400 894 437 923 et
457 886 612 923 Veneris
631 897 758 923 contra
776 885 827 922 sic
845 884 942 921 filius
961 897 1085 922 orsus:

87 939 202 977 Nulla
221 947 365 977 tuarum
386 940 513 977 audita
528 940 615 976 mihi
635 952 754 987 neque
773 939 849 976 visa
867 951 1045 984 sororum,
1167 939 1245 976 3:30

90 993 137 1039 O,
157 1006 264 1042 quam
286 1002 323 1031 te
344 1005 539 1029 memorem
555 994 574 1030 i>
596 993 698 1041 virgo
716 994 722 1030 Ξ
745 1005 901 1041 namque
920 991 1020 1029 haud
1040 992 1106 1030 tibi
1122 993 1243 1030 voltus

89 1047 268 1089 Mortalis,
290 1059 357 1083 nee
379 1060 449 1083 vox
465 1047 648 1083 hominem
668 1055 798 1090 sonam
829 1059 862 1089 0,
885 1046 966 1082 Dea
986 1045 1109 1090 certe!

88 1101 151 1137 An
175 1100 310 1136 Phoebi
327 1113 427 1137 soror
447 1100 466 1137 ζ)
493 1113 538 1136 an
561 1100 802 1148 nynwharum
821 1099 1011 1147 sanguinis
1029 1112 1103 1135 una
1121 1099 1139 1136 Ρ

88 1154 145 1191 Sis
163 1153 261 1197 felix,
284 1160 521 1201 nostrumque
539 1153 646 1197 leves,
668 1165 926 1201 quaecumque,
948 1153 1109 1189 laborem
1128 1166 1137 1197 ;

88 1206 150 1251 Et,
170 1219 242 1255 quo
261 1210 329 1244 sub
347 1206 448 1244 coelo
468 1207 627 1250 tandem,
649 1207 780 1255 quib-„is
799 1208 895 1242 orbis
919 1207 954 1242 in
974 1207 1058 1250 oris,
1165 1206 1240 1243 3:35

86 1260 286 1298 Jactemur.
309 1261 440 1298 doceas
460 1274 468 1298 :
498 1260 617 1307 ignari
637 1260 897 1307 hominumque
916 1260 1153 1309 locorumque

87 1313 273 1356 Erramus,
299 1323 405 1352 vento
425 1314 498 1351 huc
517 1321 554 1351 et
575 1314 685 1351 vastis
703 1313 874 1351 fluctibus
894 1314 966 1350 acti
985 1327 992 1350 :

89 1367 208 1405 Multa
229 1368 292 1405 tihi
314 1375 400 1406 ante
415 1381 496 1405 aras
514 1374 639 1404 nostra
658 1367 764 1404 cadet
784 1367 904 1404 hostia
922 1367 1067 1405 (iextra.

142 1421 236 1458 Tum
262 1422 386 1458 Venus
407 1435 415 1458 z
448 1421 559 1458 Haud
580 1420 745 1469 equidem
768 1421 832 1457 tali
852 1434 909 1457 me
928 1421 1062 1469 dignor
1082 1421 1241 1458 honore:

89 1474 306 1523 Virginibus
327 1475 450 1525 Tyriis
470 1487 546 1511 mos
565 1481 620 1511 est
638 1482 784 1522 gestare
805 1474 1023 1522 pharetram,
1165 1475 1242 1511 340

91 1528 356 1578 Purpurcoque
374 1529 448 1566 alte
466 1541 569 1565 suras
591 1528 725 1564 vincire
744 1528 939 1564 cothurno.

89 1581 228 1618 Punica
248 1595 362 1628 regna
378 1582 491 1626 vides,
513 1581 656 1631 Tyrios,
678 1587 715 1618 et
736 1583 917 1629 Agenoris
937 1582 1085 1620 urbem:

89 1635 163 1673 Sed
180 1635 270 1673 fines
289 1636 433 1685 Libyci,
453 1648 571 1683 genus
585 1635 818 1672 intractabile
836 1636 946 1672 bello,

85 1689 282 1738 Imperium
304 1689 418 1732 Dido,
439 1689 564 1738 Tyria.
583 1690 691 1736 regit,
713 1689 804 1725 urhe
822 1689 996 1736 profecta,

89 1742 316 1779 Germanum
336 1743 495 1791 fugiens.
541 1741 673 1790 Longa
692 1748 746 1779 est
766 1742 908 1789 injuria,
928 1743 1061 1791 longae
1167 1743 1243 1780 :345

88 1796 294 1844 Ambages:
322 1796 385 1833 sed
405 1809 546 1833 summa
564 1808 694 1843 sequar
710 1795 854 1844 fastigia
871 1809 1004 1833 rerum.

86 1848 187 1886 Huic
205 1849 368 1898 conjunx
387 1849 575 1899 Sychaeus
593 1854 682 1893 erat,
703 1849 902 1886 ditissimus
922 1850 1001 1898 agri

87 1902 323 1948 Phoenicum,
344 1908 382 1941 et
400 1916 535 1952 magno
553 1903 705 1939 miserae
724 1903 878 1940 dilectus
897 1916 1044 1940 amore:

87 1955 157 1993 Cui
176 1963 280 2005 pater
298 1956 473 1995 intactam
494 1957 658 2001 dederat,
678 1956 875 2005 primisque
887 1957 1040 2005 jugainat

86 2008 293 2047 Ominibus.
349 2010 423 2047 Sed
442 2022 557 2059 regna
577 2010 667 2059 Tyii
685 2023 882 2058 germanus
901 2011 1060 2048 habebat
1166 2012 1242 2050 35⁴}

86 2062 318 2113 Pygmalion,
337 2063 472 2101 scelere
490 2070 576 2101 ante
595 2063 684 2100 alios
702 2063 894 2101 immanior
914 2065 1042 2108 omnis,

86 2115 191 2162 Quos
209 2117 307 2154 inter
325 2117 466 2155 medius
486 2117 586 2154 venit
607 2116 737 2154 Furor.
769 2128 771 2133 ·
792 2117 859 2154 Ine
879 2118 1085 2167 Sychaeum

84 2168 223 2220 Impius
242 2176 327 2208 ante
344 2183 435 2215 aras,
457 2178 565 2219 atque
583 2172 663 2207 auri
682 2183 810 2208 caecus
828 2183 963 2216 amore,

85 2222 189 2260 Clam
207 2223 304 2260 ferro
323 2223 507 2261 incautum
527 2230 685 2272 superat,
707 2237 854 2261 securus
873 2237 1037 2262 amorum

84 2276 315 2321 Germanae3
343 2277 553 2326 factumque
570 2277 634 2314 diu
654 2277 796 2322 celavit,
817 2286 854 2315 et
872 2291 1030 2326 aegram,
1165 2281 1241 2319 350

83 2329 204 2367 Multa
222 2331 338 2368 malus
357 2331 541 2376 simulans,
565 2343 656 2368 vana
675 2343 738 2379 spe
757 2331 844 2369 lusit
862 2338 1059 2370 amantem.

81 2382 164 2432 Ipsa
182 2384 246 2422 sed
264 2384 302 2421 in
321 2384 457 2422 somnis
475 2384 656 2421 inhumati
673 2384 774 2422 venit
792 2385 915 2434 imago

79 2435 258 2488 Conjugis
275 2451 286 2477 z
314 2450 381 2477 ora
395 2437 515 2477 modis
532 2437 707 2477 attollens
724 2437 861 2487 pallida
880 2438 991 2485 miris,
