1414 2666
182 138 233 175 30
581 144 620 171 Ρ.
649 143 773 172 ovmn
799 143 959 170 NAsoms
1251 129 1349 183 [ιω.

242 242 479 289 Vulneraque
497 241 640 279 alterna
657 241 821 289 dantque
838 240 1036 289 feruntque
1053 253 1177 278 manu.

199 295 286 333 Una
305 295 382 333 dies
402 294 536 332 Fabios
555 294 603 332 ad.
620 294 759 332 bellum
777 294 927 332 miserat
946 306 1072 331 omnes
1089 307 1098 332 ι
1276 294 1354 332 235

247 349 310 387 Ad
328 349 466 386 bellum
485 348 613 386 missos
631 348 794 398 perdidit
812 360 886 385 una
905 347 996 384 dies.

193 403 248 441 Ut
267 407 391 441 tamen
410 401 607 439 Herculeae
627 406 859 451 superessent
877 401 1017 438 semina
1030 402 1164 451 gentis,

246 455 432 494 Credibile
451 460 506 494 est
524 455 624 505 ipsos
642 455 870 493 consuluisse
888 455 989 492 deos.

192 511 289 547 Nam
301 522 394 560 puer
412 509 593 558 impubes,
614 514 651 548 et
670 509 791 546 adhuc
810 521 887 546 non
905 508 1008 546 utilis
1020 509 1143 555 armis,

246 563 354 601 Unus
370 563 417 601 de
436 562 552 600 Fabia
569 568 683 612 gente
701 563 852 600 relictus
871 567 962 600 erat.
1281 565 1358 602 240

198 617 346 655 Scilicet
361 622 403 655 ut
416 629 540 666 posses
559 617 646 654 olim
667 621 722 663 tu,
742 616 917 661 Maxime,
937 616 1049 662 nasci,

241 671 310 708 Cui
329 684 386 709 res
406 671 616 709 cunctando
637 670 875 709 restituenda
895 670 1005 708 soret.

195 775 423 813 Continuata
441 774 523 812 loco
541 775 613 812 tria
633 774 765 819 sidera,
789 773 932 811 Corvus
950 778 988 811 et
1008 774 1166 823 Anguis,

247 829 297 866 Et
315 828 458 865 medius
479 828 612 865 Crater
625 828 723 866 inter
735 832 935 876 utrumque
948 827 1062 876 jacet.

194 883 322 920 Idibus
340 882 404 919 illa
417 881 536 919 latent
551 895 559 919 :
590 881 761 919 oriuntur
779 886 889 919 nocte
907 882 1088 930 sequenti.
1282 888 1359 927 245

247 936 340 982 Quae
361 936 430 972 sibi
449 948 514 972 cur
532 935 605 973 tria
623 935 698 972 sint
716 935 936 980 consociata,
957 947 1096 973 canzun.

195 990 306 1027 Forte
319 990 345 1027 J
348 989 407 1027 ovi
425 989 559 1027 festum
582 988 743 1026 Phoebus
757 988 924 1026 sollenne
938 989 1092 1038 parabat
1109 1003 1116 1027 ε

249 1043 337 1081 Non
355 1042 464 1080 faciet
484 1043 616 1092 longas
630 1042 756 1079 fabula
774 1049 902 1080 nostra
913 1055 1048 1080 moras.

199 1098 215 1134 Ι
235 1110 329 1141 mea,
349 1096 455 1143 dixit,
478 1097 566 1140 avis,
587 1109 635 1133 ne
654 1096 744 1145 quid
762 1096 823 1146 pia
841 1108 944 1133 sacra
961 1102 1136 1145 moretur,

250 1151 301 1189 Et
320 1156 467 1188 tenuem
490 1150 583 1188 vivis
597 1150 761 1187 fontibus
781 1150 870 1187 affer
888 1161 1030 1198 aquam.
1285 1157 1362 1195 250

200 1205 343 1242 Corvus
361 1205 573 1242 inauratum
592 1203 747 1253 pedibus
761 1208 903 1241 cratera
921 1206 1084 1243 recurvis

251 1258 376 1303 Tollit,
396 1264 433 1296 et
447 1258 587 1295 aerium
607 1257 777 1306 pervolat
796 1258 893 1295 altus
912 1257 997 1295 iter.

199 1313 329 1350 Stabat
349 1311 470 1349 adhuc
490 1311 592 1348 duris
610 1312 700 1348 ficus
720 1311 936 1348 densissima
954 1313 1096 1361 pomis:

249 1365 387 1404 Tentat
406 1378 485 1402 eam
505 1370 626 1402 rostro
646 1378 655 1409 ;
684 1377 761 1401 non
779 1370 859 1402 erat
879 1369 965 1414 apta
983 1365 1069 1415 legi.

197 1420 394 1457 Immemor
408 1419 551 1468 imperii
565 1418 703 1455 sedisse
722 1418 790 1455 sub
810 1419 941 1456 arbore
958 1418 1087 1466 fertur,
1285 1428 1360 1466 255

251 1473 353 1510 Dum
367 1473 502 1510 fierent
520 1472 628 1510 tarda
647 1472 770 1509 dulcia
787 1484 899 1522 poma
917 1484 1031 1511 mora.

195 1528 353 1575 Jamque
372 1533 484 1572 satur,
505 1526 622 1575 nigris
640 1525 792 1574 longum
809 1526 906 1575 rapit
925 1527 1106 1575 unguibus
1124 1530 1296 1580 hydrum,

250 1581 310 1617 Ad
330 1580 593 1629 dominumque
612 1579 720 1625 redit,
741 1580 900 1629 fictaque
918 1581 1031 1618 verba
1049 1583 1161 1622 refert
1177 1599 1185 1622 :

196 1634 272 1672 Hic
291 1634 379 1671 mihi
399 1647 509 1671 causa
527 1646 651 1679 morae,
673 1634 837 1671 vivarum
858 1634 1026 1672 obsessor
1039 1648 1212 1685 aquarum
1234 1655 1242 1685 ;

250 1688 324 1725 Hic
345 1688 468 1725 tenuit
485 1687 619 1733 fontes,
638 1687 869 1736 officiumque
887 1701 1025 1725 meum.
1281 1695 1358 1733 260

203 1742 337 1786 Addis,
359 1742 421 1784 ait,
442 1741 559 1790 culpae
575 1741 776 1786 mendacia,
798 1741 969 1788 Phoebus,
992 1748 1029 1780 et
1048 1744 1161 1782 audes

252 1795 459 1833 Fatidieum
480 1795 601 1832 verbis
619 1795 746 1832 fallere
765 1795 859 1832 velle
877 1796 989 1833 deum
1007 1796 1026 1834 Ρ

198 1850 251 1887 At
269 1850 349 1893 tibi,
366 1849 454 1885 dum
474 1849 615 1886 lactens
631 1849 786 1886 haerebit
804 1849 843 1885 in
863 1850 994 1887 arbore
1012 1850 1112 1897 ficus,

252 1903 312 1940 De
330 1903 433 1939 nullo
451 1902 584 1950 gelidae
603 1902 706 1939 fonte
724 1902 901 1939 bibantur
920 1915 1036 1952 aquae.

202 1957 309 1994 Dixit
329 1970 337 1994 ε
368 1961 405 1994 et
424 1955 565 2004 antiqui
584 1961 824 1993 monumenta
842 1957 1020 2005 perennia
1037 1958 1124 1998 facti
1281 1965 1358 2003 265

252 2010 408 2059 Anguis,
426 2009 527 2055 Avis,
550 2009 692 2055 Crater,
713 2009 832 2046 sidera
846 2010 980 2058 juncta
997 2012 1146 2051 micant.

201 2114 328 2152 Tertia
347 2118 430 2163 post
450 2113 539 2150 Idus
557 2113 677 2150 nudos
694 2114 842 2151 Aurora
860 2114 1047 2164 Lupercos

252 2168 445 2217 Adspicit:
474 2178 512 2205 et
531 2167 650 2204 Fauni
668 2180 770 2205 sacra
783 2167 945 2206 bicornis
962 2176 1063 2209 eunt.

200 2221 336 2264 Dicite,
358 2221 534 2271 Pierides,
549 2233 735 2259 sacrorum
753 2234 832 2271 quae
852 2221 899 2259 sit
917 2223 1032 2273 origo,

256 2275 463 2324 Attigerint
482 2275 608 2313 Latias
622 2277 722 2313 unde
740 2275 857 2325 petita
876 2275 1019 2315 domos.
1280 2284 1358 2324 270

199 2328 301 2366 Pana
317 2329 426 2366 deum
446 2329 587 2378 pecoris
605 2336 746 2368 veteres
764 2329 920 2367 coluisse
938 2330 1107 2370 feruntur

251 2382 416 2420 Arcades
432 2396 441 2427 3
471 2383 642 2421 Arcadiis
655 2383 836 2434 plurimus
853 2384 916 2421 ille
925 2384 1044 2435 jugis.
