<?xml version="1.0" encoding="UTF-8"?>
<!DOCTYPE html PUBLIC "-//W3C//DTD XHTML 1.0 Transitional//EN"
    "http://www.w3.org/TR/xhtml1/DTD/xhtml1-transitional.dtd">
<html xmlns="http://www.w3.org/1999/xhtml" xml:lang="en" lang="en">
 <head>
  <title>
</title>
<meta http-equiv="Content-Type" content="text/html;charset=utf-8" />
  <meta name='ocr-system' content='tesseract 3.04.00' />
  <meta name='ocr-capabilities' content='ocr_page ocr_carea ocr_par ocr_line ocrx_word'/>
</head>
<body>
  <div class='ocr_page' id='page_1' title='image "./curriculumlatinu02mont_0241.png"; bbox 0 0 1475 2712; ppageno 0'>
   <div class='ocr_carea' id='block_1_1' title="bbox 93 160 1250 213">
    <p class='ocr_par' dir='ltr' id='par_1_1' title="bbox 93 160 1250 213">
     <span class='ocr_line' id='line_1_1' title="bbox 93 160 1250 213; baseline -0.001 -11"><span class='ocrx_word' id='word_1_1' title='bbox 93 163 114 213; x_wconf 79' lang='grc' dir='ltr'>Γ</span> <span class='ocrx_word' id='word_1_2' title='bbox 115 175 154 202; x_wconf 85' lang='lat'>11.</span> <span class='ocrx_word' id='word_1_3' title='bbox 613 174 731 203; x_wconf 62' lang='lat' dir='ltr'>usn.</span> <span class='ocrx_word' id='word_1_4' title='bbox 1197 160 1250 203; x_wconf 84' lang='grc'>29</span> 
     </span>
    </p>
   </div>
   <div class='ocr_carea' id='block_1_2' title="bbox 91 270 1258 2462">
    <p class='ocr_par' dir='ltr' id='par_1_2' title="bbox 91 270 1258 2462">
     <span class='ocr_line' id='line_1_2' title="bbox 98 270 854 320; baseline 0 -12"><span class='ocrx_word' id='word_1_5' title='bbox 98 270 226 310; x_wconf 89' lang='lat' dir='ltr'>Idibus</span> <span class='ocrx_word' id='word_1_6' title='bbox 245 271 401 320; x_wconf 82' lang='lat' dir='ltr'>agrestis</span> <span class='ocrx_word' id='word_1_7' title='bbox 418 271 560 310; x_wconf 83' lang='lat' dir='ltr'>fumant</span> <span class='ocrx_word' id='word_1_8' title='bbox 574 271 704 309; x_wconf 83' lang='lat' dir='ltr'>altaria</span> <span class='ocrx_word' id='word_1_9' title='bbox 723 270 854 318; x_wconf 85' lang='lat' dir='ltr'>Fauni,</span> 
     </span>
     <span class='ocr_line' id='line_1_3' title="bbox 149 324 941 374; baseline -0.001 -12"><span class='ocrx_word' id='word_1_10' title='bbox 149 325 226 363; x_wconf 89' lang='lat' dir='ltr'>Hic</span> <span class='ocrx_word' id='word_1_11' title='bbox 244 325 308 362; x_wconf 90' lang='lat' dir='ltr'>ubi</span> <span class='ocrx_word' id='word_1_12' title='bbox 327 325 504 363; x_wconf 86' lang='lat' dir='ltr'>discretas</span> <span class='ocrx_word' id='word_1_13' title='bbox 520 324 641 362; x_wconf 88' lang='lat' dir='ltr'>insula</span> <span class='ocrx_word' id='word_1_14' title='bbox 659 324 798 374; x_wconf 80' lang='lat' dir='ltr'><strong>rumpit</strong></span> <span class='ocrx_word' id='word_1_15' title='bbox 816 336 941 373; x_wconf 86' lang='lat' dir='ltr'>aquas.</span> 
     </span>
     <span class='ocr_line' id='line_1_4' title="bbox 96 378 1258 426; baseline 0.002 -10"><span class='ocrx_word' id='word_1_16' title='bbox 96 379 191 417; x_wconf 87' lang='lat' dir='ltr'>Haec</span> <span class='ocrx_word' id='word_1_17' title='bbox 209 379 279 416; x_wconf 83' lang='lat' dir='ltr'>fuit</span> <span class='ocrx_word' id='word_1_18' title='bbox 297 379 360 416; x_wconf 83' lang='lat' dir='ltr'>illa</span> <span class='ocrx_word' id='word_1_19' title='bbox 377 379 467 424; x_wconf 87' lang='lat' dir='ltr'>dies,</span> <span class='ocrx_word' id='word_1_20' title='bbox 484 378 523 415; x_wconf 88' lang='lat' dir='ltr'>in</span> <span class='ocrx_word' id='word_1_21' title='bbox 542 389 612 426; x_wconf 88' lang='lat' dir='ltr'>qua</span> <span class='ocrx_word' id='word_1_22' title='bbox 631 378 850 416; x_wconf 85' lang='lat' dir='ltr'><strong>Veientibus</strong></span> <span class='ocrx_word' id='word_1_23' title='bbox 868 378 963 416; x_wconf 87' lang='lat' dir='ltr'>arvis</span> <span class='ocrx_word' id='word_1_24' title='bbox 1182 381 1258 420; x_wconf 85' lang='lat'>195</span> 
     </span>
     <span class='ocr_line' id='line_1_5' title="bbox 151 431 888 477; baseline -0.004 -7"><span class='ocrx_word' id='word_1_25' title='bbox 151 433 226 470; x_wconf 86' lang='lat' dir='ltr'>Ter</span> <span class='ocrx_word' id='word_1_26' title='bbox 243 437 391 470; x_wconf 84' lang='lat' dir='ltr'>centum</span> <span class='ocrx_word' id='word_1_27' title='bbox 412 431 527 477; x_wconf 85' lang='lat' dir='ltr'>Fabii,</span> <span class='ocrx_word' id='word_1_28' title='bbox 541 438 599 469; x_wconf 89' lang='lat' dir='ltr'>ter</span> <span class='ocrx_word' id='word_1_29' title='bbox 617 431 782 469; x_wconf 84' lang='lat' dir='ltr'>cecidere</span> <span class='ocrx_word' id='word_1_30' title='bbox 801 432 888 470; x_wconf 92' lang='lat' dir='ltr'>duo.</span> 
     </span>
     <span class='ocr_line' id='line_1_6' title="bbox 96 485 981 534; baseline 0 -10"><span class='ocrx_word' id='word_1_31' title='bbox 96 486 184 524; x_wconf 87' lang='lat' dir='ltr'>Una</span> <span class='ocrx_word' id='word_1_32' title='bbox 197 486 326 523; x_wconf 89' lang='lat' dir='ltr'>domus</span> <span class='ocrx_word' id='word_1_33' title='bbox 344 486 438 522; x_wconf 86' lang='lat' dir='ltr'>vires</span> <span class='ocrx_word' id='word_1_34' title='bbox 457 490 494 523; x_wconf 92' lang='lat' dir='ltr'>et</span> <span class='ocrx_word' id='word_1_35' title='bbox 513 497 605 522; x_wconf 83' lang='lat' dir='ltr'>onus</span> <span class='ocrx_word' id='word_1_36' title='bbox 624 491 834 534; x_wconf 80' lang='lat' dir='ltr'>susceperat</span> <span class='ocrx_word' id='word_1_37' title='bbox 854 485 955 524; x_wconf 86' lang='lat' dir='ltr'>urbis</span> <span class='ocrx_word' id='word_1_38' title='bbox 971 499 981 524; x_wconf 79' lang='lat' dir='ltr'>t</span> 
     </span>
     <span class='ocr_line' id='line_1_7' title="bbox 152 538 951 588; baseline -0.001 -11"><span class='ocrx_word' id='word_1_39' title='bbox 152 539 314 577; x_wconf 89' lang='lat' dir='ltr'>Sumunt</span> <span class='ocrx_word' id='word_1_40' title='bbox 333 538 490 588; x_wconf 72' lang='lat' dir='ltr'>gentiles</span> <span class='ocrx_word' id='word_1_41' title='bbox 509 549 610 575; x_wconf 81' lang='lat' dir='ltr'>arma</span> <span class='ocrx_word' id='word_1_42' title='bbox 627 539 790 588; x_wconf 87' lang='lat' dir='ltr'>professa</span> <span class='ocrx_word' id='word_1_43' title='bbox 808 551 951 576; x_wconf 88' lang='lat' dir='ltr'>manus.</span> 
     </span>
     <span class='ocr_line' id='line_1_8' title="bbox 95 591 1001 642; baseline 0 -12"><span class='ocrx_word' id='word_1_44' title='bbox 95 592 299 642; x_wconf 82' lang='lat' dir='ltr'>Egreditur</span> <span class='ocrx_word' id='word_1_45' title='bbox 317 592 445 630; x_wconf 86' lang='lat' dir='ltr'>castris</span> <span class='ocrx_word' id='word_1_46' title='bbox 462 591 565 628; x_wconf 90' lang='lat' dir='ltr'>miles</span> <span class='ocrx_word' id='word_1_47' title='bbox 584 604 783 640; x_wconf 88' lang='lat' dir='ltr'>generosus</span> <span class='ocrx_word' id='word_1_48' title='bbox 803 593 850 629; x_wconf 91' lang='lat' dir='ltr'>ab</span> <span class='ocrx_word' id='word_1_49' title='bbox 870 592 1001 640; x_wconf 77' lang='lat' dir='ltr'>isdem,</span> 
     </span>
     <span class='ocr_line' id='line_1_9' title="bbox 146 645 1257 695; baseline -0.001 -11"><span class='ocrx_word' id='word_1_50' title='bbox 146 646 179 684; x_wconf 94' lang='lat' dir='ltr'><strong>E</strong></span> <span class='ocrx_word' id='word_1_51' title='bbox 198 648 278 695; x_wconf 79' lang='lat' dir='ltr'>quis</span> <span class='ocrx_word' id='word_1_52' title='bbox 297 646 374 683; x_wconf 86' lang='lat' dir='ltr'>dux</span> <span class='ocrx_word' id='word_1_53' title='bbox 392 645 471 682; x_wconf 87' lang='lat' dir='ltr'>fieri</span> <span class='ocrx_word' id='word_1_54' title='bbox 489 645 642 694; x_wconf 91' lang='lat' dir='ltr'>quilibet</span> <span class='ocrx_word' id='word_1_55' title='bbox 660 650 767 694; x_wconf 84' lang='lat' dir='ltr'>aptus</span> <span class='ocrx_word' id='word_1_56' title='bbox 782 650 874 683; x_wconf 85' lang='lat' dir='ltr'>erat.</span> <span class='ocrx_word' id='word_1_57' title='bbox 1179 646 1257 683; x_wconf 83' lang='lat'>200</span> 
     </span>
     <span class='ocr_line' id='line_1_10' title="bbox 93 699 1048 748; baseline -0.002 -10"><span class='ocrx_word' id='word_1_58' title='bbox 93 700 301 738; x_wconf 80' lang='lat' dir='ltr'>Carmentis</span> <span class='ocrx_word' id='word_1_59' title='bbox 318 704 434 748; x_wconf 79' lang='lat' dir='ltr'>portae</span> <span class='ocrx_word' id='word_1_60' title='bbox 454 699 586 736; x_wconf 82' lang='lat' dir='ltr'>dextro</span> <span class='ocrx_word' id='word_1_61' title='bbox 605 699 663 736; x_wconf 84' lang='lat' dir='ltr'>via</span> <span class='ocrx_word' id='word_1_62' title='bbox 681 700 848 747; x_wconf 78' lang='lat' dir='ltr'>proxima</span> <span class='ocrx_word' id='word_1_63' title='bbox 861 699 887 737; x_wconf 84' lang='lat' dir='ltr'>J</span> <span class='ocrx_word' id='word_1_64' title='bbox 889 712 960 737; x_wconf 90' lang='lat' dir='ltr'>ano</span> <span class='ocrx_word' id='word_1_65' title='bbox 979 705 1048 739; x_wconf 83' lang='lat' dir='ltr'>est.</span> 
     </span>
     <span class='ocr_line' id='line_1_11' title="bbox 145 752 1051 803; baseline 0.001 -12"><span class='ocrx_word' id='word_1_66' title='bbox 145 753 204 791; x_wconf 91' lang='lat' dir='ltr'>Ire</span> <span class='ocrx_word' id='word_1_67' title='bbox 223 766 289 803; x_wconf 85' lang='lat' dir='ltr'>per</span> <span class='ocrx_word' id='word_1_68' title='bbox 306 753 401 790; x_wconf 90' lang='lat' dir='ltr'>hanc</span> <span class='ocrx_word' id='word_1_69' title='bbox 418 753 508 798; x_wconf 87' lang='lat' dir='ltr'>noli,</span> <span class='ocrx_word' id='word_1_70' title='bbox 527 752 687 801; x_wconf 89' lang='lat' dir='ltr'>quisquis</span> <span class='ocrx_word' id='word_1_71' title='bbox 704 765 742 790; x_wconf 89' lang='lat' dir='ltr'>es</span> <span class='ocrx_word' id='word_1_72' title='bbox 762 766 771 796; x_wconf 82' lang='lat'>3</span> <span class='ocrx_word' id='word_1_73' title='bbox 800 765 908 790; x_wconf 91' lang='lat' dir='ltr'>omen</span> <span class='ocrx_word' id='word_1_74' title='bbox 927 754 1051 792; x_wconf 88' lang='lat' dir='ltr'>habet.</span> 
     </span>
     <span class='ocr_line' id='line_1_12' title="bbox 93 806 911 845; baseline 0 -1"><span class='ocrx_word' id='word_1_75' title='bbox 93 808 162 845; x_wconf 87' lang='lat' dir='ltr'>Illa</span> <span class='ocrx_word' id='word_1_76' title='bbox 180 807 276 844; x_wconf 88' lang='lat' dir='ltr'>fama</span> <span class='ocrx_word' id='word_1_77' title='bbox 294 806 407 844; x_wconf 78' lang='lat' dir='ltr'>refert</span> <span class='ocrx_word' id='word_1_78' title='bbox 426 806 560 843; x_wconf 84' lang='lat' dir='ltr'>Fabios</span> <span class='ocrx_word' id='word_1_79' title='bbox 579 807 695 843; x_wconf 82' lang='lat' dir='ltr'>exisse</span> <span class='ocrx_word' id='word_1_80' title='bbox 714 811 911 844; x_wconf 84' lang='lat' dir='ltr'>trecentos.</span> 
     </span>
     <span class='ocr_line' id='line_1_13' title="bbox 144 860 1048 909; baseline 0.001 -11"><span class='ocrx_word' id='word_1_81' title='bbox 144 860 259 898; x_wconf 86' lang='lat' dir='ltr'>Porta</span> <span class='ocrx_word' id='word_1_82' title='bbox 277 865 383 897; x_wconf 87' lang='lat' dir='ltr'>vacat</span> <span class='ocrx_word' id='word_1_83' title='bbox 401 860 509 909; x_wconf 85' lang='lat' dir='ltr'>culpa</span> <span class='ocrx_word' id='word_1_84' title='bbox 528 873 536 903; x_wconf 90' lang='grc'><strong>;</strong></span> <span class='ocrx_word' id='word_1_85' title='bbox 567 860 632 897; x_wconf 90' lang='lat' dir='ltr'>sed</span> <span class='ocrx_word' id='word_1_86' title='bbox 650 865 775 897; x_wconf 90' lang='lat' dir='ltr'>tamen</span> <span class='ocrx_word' id='word_1_87' title='bbox 795 873 903 897; x_wconf 88' lang='lat' dir='ltr'>omen</span> <span class='ocrx_word' id='word_1_88' title='bbox 921 861 1048 899; x_wconf 77' lang='lat' dir='ltr'>habet.</span> 
     </span>
     <span class='ocr_line' id='line_1_14' title="bbox 93 914 1255 963; baseline 0 -11"><span class='ocrx_word' id='word_1_89' title='bbox 93 914 148 952; x_wconf 93' lang='lat' dir='ltr'>Ut</span> <span class='ocrx_word' id='word_1_90' title='bbox 167 914 276 952; x_wconf 90' lang='lat' dir='ltr'>celeri</span> <span class='ocrx_word' id='word_1_91' title='bbox 293 925 400 962; x_wconf 85' lang='lat' dir='ltr'>passu</span> <span class='ocrx_word' id='word_1_92' title='bbox 422 914 632 950; x_wconf 84' lang='lat' dir='ltr'>Cremeram</span> <span class='ocrx_word' id='word_1_93' title='bbox 651 914 808 962; x_wconf 85' lang='lat' dir='ltr'>tetigere</span> <span class='ocrx_word' id='word_1_94' title='bbox 827 926 1008 963; x_wconf 83' lang='lat' dir='ltr'>rapacem,</span> <span class='ocrx_word' id='word_1_95' title='bbox 1178 914 1255 952; x_wconf 84' lang='lat'>205</span> 
     </span>
     <span class='ocr_line' id='line_1_15' title="bbox 146 966 918 1019; baseline 0 -15"><span class='ocrx_word' id='word_1_96' title='bbox 146 966 350 1018; x_wconf 88' lang='lat' dir='ltr'>(Turbidus</span> <span class='ocrx_word' id='word_1_97' title='bbox 369 967 532 1004; x_wconf 85' lang='lat' dir='ltr'>hibernis</span> <span class='ocrx_word' id='word_1_98' title='bbox 551 967 611 1003; x_wconf 85' lang='lat' dir='ltr'>ille</span> <span class='ocrx_word' id='word_1_99' title='bbox 629 967 767 1005; x_wconf 85' lang='lat' dir='ltr'>fluebat</span> <span class='ocrx_word' id='word_1_100' title='bbox 787 968 918 1019; x_wconf 82' lang='lat' dir='ltr'>aquis,&gt;</span> 
     </span>
     <span class='ocr_line' id='line_1_16' title="bbox 92 1021 988 1071; baseline -0.001 -12"><span class='ocrx_word' id='word_1_101' title='bbox 92 1022 225 1059; x_wconf 82' lang='lat' dir='ltr'>Castra</span> <span class='ocrx_word' id='word_1_102' title='bbox 242 1021 325 1058; x_wconf 90' lang='lat' dir='ltr'>loco</span> <span class='ocrx_word' id='word_1_103' title='bbox 343 1027 488 1069; x_wconf 87' lang='lat' dir='ltr'>ponunt</span> <span class='ocrx_word' id='word_1_104' title='bbox 508 1034 517 1065; x_wconf 86' lang='grc'>;</span> <span class='ocrx_word' id='word_1_105' title='bbox 547 1021 733 1058; x_wconf 77' lang='lat' dir='ltr'>destrictis</span> <span class='ocrx_word' id='word_1_106' title='bbox 752 1022 900 1059; x_wconf 87' lang='lat' dir='ltr'>ensibus</span> <span class='ocrx_word' id='word_1_107' title='bbox 917 1022 988 1071; x_wconf 86' lang='lat' dir='ltr'>ipsi</span> 
     </span>
     <span class='ocr_line' id='line_1_17' title="bbox 146 1074 1021 1124; baseline 0 -12"><span class='ocrx_word' id='word_1_108' title='bbox 146 1074 379 1124; x_wconf 87' lang='lat' dir='ltr'>Tyrrhenum</span> <span class='ocrx_word' id='word_1_109' title='bbox 399 1074 523 1111; x_wconf 79' lang='lat' dir='ltr'>valido</span> <span class='ocrx_word' id='word_1_110' title='bbox 543 1074 665 1112; x_wconf 89' lang='lat' dir='ltr'>Marte</span> <span class='ocrx_word' id='word_1_111' title='bbox 678 1087 744 1123; x_wconf 89' lang='lat' dir='ltr'>per</span> <span class='ocrx_word' id='word_1_112' title='bbox 763 1087 897 1123; x_wconf 83' lang='lat' dir='ltr'>agmen</span> <span class='ocrx_word' id='word_1_113' title='bbox 916 1080 1021 1114; x_wconf 89' lang='lat' dir='ltr'>eunt.</span> 
     </span>
     <span class='ocr_line' id='line_1_18' title="bbox 93 1127 1028 1177; baseline 0 -11"><span class='ocrx_word' id='word_1_114' title='bbox 93 1129 182 1166; x_wconf 92' lang='lat' dir='ltr'>Non</span> <span class='ocrx_word' id='word_1_115' title='bbox 201 1127 318 1172; x_wconf 90' lang='lat' dir='ltr'>aliter,</span> <span class='ocrx_word' id='word_1_116' title='bbox 339 1139 446 1175; x_wconf 87' lang='lat' dir='ltr'>quam</span> <span class='ocrx_word' id='word_1_117' title='bbox 466 1140 547 1164; x_wconf 90' lang='lat' dir='ltr'>cum</span> <span class='ocrx_word' id='word_1_118' title='bbox 568 1127 710 1177; x_wconf 87' lang='lat' dir='ltr'>Libyca</span> <span class='ocrx_word' id='word_1_119' title='bbox 729 1127 776 1164; x_wconf 89' lang='lat' dir='ltr'>de</span> <span class='ocrx_word' id='word_1_120' title='bbox 794 1141 886 1177; x_wconf 87' lang='lat' dir='ltr'>rupe</span> <span class='ocrx_word' id='word_1_121' title='bbox 904 1128 1028 1166; x_wconf 88' lang='lat' dir='ltr'>leones</span> 
     </span>
     <span class='ocr_line' id='line_1_19' title="bbox 147 1181 1255 1231; baseline 0.001 -13"><span class='ocrx_word' id='word_1_122' title='bbox 147 1181 337 1218; x_wconf 75' lang='lat' dir='ltr'>Invadunt</span> <span class='ocrx_word' id='word_1_123' title='bbox 356 1193 500 1230; x_wconf 86' lang='lat' dir='ltr'>sparsos</span> <span class='ocrx_word' id='word_1_124' title='bbox 518 1181 594 1218; x_wconf 89' lang='lat' dir='ltr'>lata</span> <span class='ocrx_word' id='word_1_125' title='bbox 613 1194 677 1230; x_wconf 82' lang='lat' dir='ltr'>per</span> <span class='ocrx_word' id='word_1_126' title='bbox 690 1194 776 1218; x_wconf 88' lang='lat' dir='ltr'>arva</span> <span class='ocrx_word' id='word_1_127' title='bbox 794 1194 940 1231; x_wconf 81' lang='lat' dir='ltr'>greges.</span> <span class='ocrx_word' id='word_1_128' title='bbox 1180 1182 1255 1220; x_wconf 74' lang='lat'>‘210</span> 
     </span>
     <span class='ocr_line' id='line_1_20' title="bbox 94 1234 1043 1285; baseline 0 -12"><span class='ocrx_word' id='word_1_129' title='bbox 94 1235 309 1284; x_wconf 87' lang='lat' dir='ltr'>Diffugiunt</span> <span class='ocrx_word' id='word_1_130' title='bbox 327 1234 462 1280; x_wconf 85' lang='lat' dir='ltr'>hostes,</span> <span class='ocrx_word' id='word_1_131' title='bbox 483 1234 750 1282; x_wconf 82' lang='lat' dir='ltr'>inhonestaque</span> <span class='ocrx_word' id='word_1_132' title='bbox 767 1235 922 1272; x_wconf 87' lang='lat' dir='ltr'>vulnera</span> <span class='ocrx_word' id='word_1_133' title='bbox 936 1241 1043 1285; x_wconf 86' lang='lat' dir='ltr'>tergo</span> 
     </span>
     <span class='ocr_line' id='line_1_21' title="bbox 144 1287 978 1337; baseline -0.001 -11"><span class='ocrx_word' id='word_1_134' title='bbox 144 1288 369 1337; x_wconf 88' lang='lat' dir='ltr'>Accipiunt:</span> <span class='ocrx_word' id='word_1_135' title='bbox 401 1287 523 1324; x_wconf 89' lang='lat' dir='ltr'>Tusco</span> <span class='ocrx_word' id='word_1_136' title='bbox 542 1288 720 1336; x_wconf 87' lang='lat' dir='ltr'>sanguine</span> <span class='ocrx_word' id='word_1_137' title='bbox 739 1292 838 1325; x_wconf 90' lang='lat' dir='ltr'>terra</span> <span class='ocrx_word' id='word_1_138' title='bbox 856 1289 978 1327; x_wconf 86' lang='lat' dir='ltr'>rubet.</span> 
     </span>
     <span class='ocr_line' id='line_1_22' title="bbox 91 1340 1104 1391; baseline 0 -11"><span class='ocrx_word' id='word_1_139' title='bbox 91 1343 151 1380; x_wconf 91' lang='lat' dir='ltr'>Sic</span> <span class='ocrx_word' id='word_1_140' title='bbox 169 1343 313 1387; x_wconf 86' lang='lat' dir='ltr'>iterum,</span> <span class='ocrx_word' id='word_1_141' title='bbox 331 1342 381 1378; x_wconf 85' lang='lat' dir='ltr'>sic</span> <span class='ocrx_word' id='word_1_142' title='bbox 400 1353 497 1390; x_wconf 80' lang='lat' dir='ltr'>saepe</span> <span class='ocrx_word' id='word_1_143' title='bbox 515 1340 662 1378; x_wconf 87' lang='lat' dir='ltr'>cadunt.</span> <span class='ocrx_word' id='word_1_144' title='bbox 720 1341 795 1379; x_wconf 92' lang='lat' dir='ltr'>Ubi</span> <span class='ocrx_word' id='word_1_145' title='bbox 813 1342 959 1379; x_wconf 88' lang='lat' dir='ltr'>vincere</span> <span class='ocrx_word' id='word_1_146' title='bbox 978 1346 1104 1391; x_wconf 84' lang='lat' dir='ltr'>aperte</span> 
     </span>
     <span class='ocr_line' id='line_1_23' title="bbox 144 1395 1013 1445; baseline 0 -12"><span class='ocrx_word' id='word_1_147' title='bbox 144 1396 233 1433; x_wconf 88' lang='lat' dir='ltr'>Non</span> <span class='ocrx_word' id='word_1_148' title='bbox 251 1396 373 1440; x_wconf 86' lang='lat' dir='ltr'>datur,</span> <span class='ocrx_word' id='word_1_149' title='bbox 388 1395 541 1432; x_wconf 88' lang='lat' dir='ltr'>insidias</span> <span class='ocrx_word' id='word_1_150' title='bbox 561 1407 734 1442; x_wconf 87' lang='lat' dir='ltr'>armaque</span> <span class='ocrx_word' id='word_1_151' title='bbox 753 1407 850 1432; x_wconf 84' lang='lat' dir='ltr'>caeca</span> <span class='ocrx_word' id='word_1_152' title='bbox 868 1401 1013 1445; x_wconf 90' lang='lat' dir='ltr'>parant.</span> 
     </span>
     <span class='ocr_line' id='line_1_24' title="bbox 93 1448 1251 1499; baseline -0.001 -12"><span class='ocrx_word' id='word_1_153' title='bbox 93 1450 256 1499; x_wconf 86' lang='lat' dir='ltr'>Campus</span> <span class='ocrx_word' id='word_1_154' title='bbox 273 1454 373 1486; x_wconf 89' lang='lat' dir='ltr'>erat:</span> <span class='ocrx_word' id='word_1_155' title='bbox 403 1448 521 1497; x_wconf 86' lang='lat' dir='ltr'>campi</span> <span class='ocrx_word' id='word_1_156' title='bbox 541 1449 763 1486; x_wconf 85' lang='lat' dir='ltr'>claudebant</span> <span class='ocrx_word' id='word_1_157' title='bbox 778 1449 909 1486; x_wconf 80' lang='lat' dir='ltr'>ultima</span> <span class='ocrx_word' id='word_1_158' title='bbox 928 1449 1050 1495; x_wconf 82' lang='lat' dir='ltr'>colles,</span> <span class='ocrx_word' id='word_1_159' title='bbox 1176 1449 1251 1487; x_wconf 83' lang='lat'>215</span> 
     </span>
     <span class='ocr_line' id='line_1_25' title="bbox 146 1502 945 1553; baseline 0 -13"><span class='ocrx_word' id='word_1_160' title='bbox 146 1503 329 1553; x_wconf 86' lang='lat' dir='ltr'>Sylvaque</span> <span class='ocrx_word' id='word_1_161' title='bbox 342 1507 535 1539; x_wconf 87' lang='lat' dir='ltr'>montanas</span> <span class='ocrx_word' id='word_1_162' title='bbox 549 1502 716 1539; x_wconf 84' lang='lat' dir='ltr'>occulere</span> <span class='ocrx_word' id='word_1_163' title='bbox 735 1507 822 1551; x_wconf 87' lang='lat' dir='ltr'>apta</span> <span class='ocrx_word' id='word_1_164' title='bbox 839 1503 945 1540; x_wconf 84' lang='lat' dir='ltr'>feras.</span> 
     </span>
     <span class='ocr_line' id='line_1_26' title="bbox 93 1556 1070 1605; baseline 0 -11"><span class='ocrx_word' id='word_1_165' title='bbox 93 1558 138 1595; x_wconf 91' lang='lat' dir='ltr'>In</span> <span class='ocrx_word' id='word_1_166' title='bbox 155 1556 277 1593; x_wconf 89' lang='lat' dir='ltr'>medio</span> <span class='ocrx_word' id='word_1_167' title='bbox 302 1568 452 1605; x_wconf 84' lang='lat' dir='ltr'>paucos,</span> <span class='ocrx_word' id='word_1_168' title='bbox 473 1560 715 1603; x_wconf 84' lang='lat' dir='ltr'>armentaque</span> <span class='ocrx_word' id='word_1_169' title='bbox 728 1568 811 1592; x_wconf 85' lang='lat' dir='ltr'>rara</span> <span class='ocrx_word' id='word_1_170' title='bbox 829 1556 1045 1604; x_wconf 86' lang='lat' dir='ltr'>relinquunt</span> <span class='ocrx_word' id='word_1_171' title='bbox 1061 1569 1070 1601; x_wconf 84' lang='lat'><em>3</em></span> 
     </span>
     <span class='ocr_line' id='line_1_27' title="bbox 147 1609 871 1658; baseline -0.001 -10"><span class='ocrx_word' id='word_1_172' title='bbox 147 1610 291 1648; x_wconf 83' lang='lat' dir='ltr'>Caetera</span> <span class='ocrx_word' id='word_1_173' title='bbox 308 1609 479 1658; x_wconf 85' lang='lat' dir='ltr'>virgultis</span> <span class='ocrx_word' id='word_1_174' title='bbox 498 1609 623 1647; x_wconf 74' lang='lat' dir='ltr'>abdita</span> <span class='ocrx_word' id='word_1_175' title='bbox 641 1609 751 1646; x_wconf 87' lang='lat' dir='ltr'>turba</span> <span class='ocrx_word' id='word_1_176' title='bbox 769 1609 871 1647; x_wconf 87' lang='lat' dir='ltr'>latet.</span> 
     </span>
     <span class='ocr_line' id='line_1_28' title="bbox 98 1663 1073 1712; baseline -0.002 -9"><span class='ocrx_word' id='word_1_177' title='bbox 98 1665 208 1710; x_wconf 88' lang='lat' dir='ltr'>Ecce,</span> <span class='ocrx_word' id='word_1_178' title='bbox 229 1663 332 1700; x_wconf 87' lang='lat' dir='ltr'>velut</span> <span class='ocrx_word' id='word_1_179' title='bbox 352 1668 497 1700; x_wconf 88' lang='lat' dir='ltr'>torrens</span> <span class='ocrx_word' id='word_1_180' title='bbox 517 1663 623 1700; x_wconf 87' lang='lat' dir='ltr'>undis</span> <span class='ocrx_word' id='word_1_181' title='bbox 641 1663 863 1712; x_wconf 82' lang='lat' dir='ltr'>pluvialibus</span> <span class='ocrx_word' id='word_1_182' title='bbox 883 1668 1022 1710; x_wconf 82' lang='lat' dir='ltr'>auctus,</span> <span class='ocrx_word' id='word_1_183' title='bbox 1062 1670 1073 1693; x_wconf 51' lang='lat' dir='ltr'>N</span> 
     </span>
     <span class='ocr_line' id='line_1_29' title="bbox 145 1716 1255 1766; baseline -0.002 -11"><span class='ocrx_word' id='word_1_184' title='bbox 145 1718 226 1755; x_wconf 89' lang='lat' dir='ltr'>Aut</span> <span class='ocrx_word' id='word_1_185' title='bbox 244 1717 339 1761; x_wconf 89' lang='lat' dir='ltr'>nive,</span> <span class='ocrx_word' id='word_1_186' title='bbox 361 1728 443 1765; x_wconf 80' lang='lat' dir='ltr'>quae</span> <span class='ocrx_word' id='word_1_187' title='bbox 464 1716 636 1766; x_wconf 87' lang='lat' dir='ltr'>Zephyro</span> <span class='ocrx_word' id='word_1_188' title='bbox 654 1716 754 1754; x_wconf 86' lang='lat' dir='ltr'>victa</span> <span class='ocrx_word' id='word_1_189' title='bbox 773 1722 924 1766; x_wconf 86' lang='lat' dir='ltr'>tepente</span> <span class='ocrx_word' id='word_1_190' title='bbox 942 1717 1035 1763; x_wconf 86' lang='lat' dir='ltr'>fluit,</span> <span class='ocrx_word' id='word_1_191' title='bbox 1176 1716 1255 1753; x_wconf 84' lang='grc'>220</span> 
     </span>
     <span class='ocr_line' id='line_1_30' title="bbox 95 1770 1095 1819; baseline -0.001 -10"><span class='ocrx_word' id='word_1_192' title='bbox 95 1772 168 1809; x_wconf 89' lang='lat' dir='ltr'>Per</span> <span class='ocrx_word' id='word_1_193' title='bbox 186 1777 265 1809; x_wconf 83' lang='lat' dir='ltr'>sata</span> <span class='ocrx_word' id='word_1_194' title='bbox 283 1782 420 1819; x_wconf 89' lang='lat' dir='ltr'>perque</span> <span class='ocrx_word' id='word_1_195' title='bbox 438 1770 515 1806; x_wconf 84' lang='lat' dir='ltr'>vias</span> <span class='ocrx_word' id='word_1_196' title='bbox 529 1770 657 1815; x_wconf 83' lang='lat' dir='ltr'>fertur,</span> <span class='ocrx_word' id='word_1_197' title='bbox 679 1783 758 1814; x_wconf 84' lang='lat' dir='ltr'>nec,</span> <span class='ocrx_word' id='word_1_198' title='bbox 776 1776 816 1807; x_wconf 86' lang='lat' dir='ltr'>ut</span> <span class='ocrx_word' id='word_1_199' title='bbox 835 1777 923 1808; x_wconf 81' lang='lat' dir='ltr'>ante</span> <span class='ocrx_word' id='word_1_200' title='bbox 942 1771 1095 1817; x_wconf 83' lang='lat' dir='ltr'>solebat,</span> 
     </span>
     <span class='ocr_line' id='line_1_31' title="bbox 146 1823 929 1874; baseline -0.003 -12"><span class='ocrx_word' id='word_1_201' title='bbox 146 1825 328 1874; x_wconf 86' lang='lat' dir='ltr'>Riparum</span> <span class='ocrx_word' id='word_1_202' title='bbox 348 1824 488 1860; x_wconf 88' lang='lat' dir='ltr'>clausas</span> <span class='ocrx_word' id='word_1_203' title='bbox 509 1823 675 1872; x_wconf 82' lang='lat' dir='ltr'>margine</span> <span class='ocrx_word' id='word_1_204' title='bbox 692 1824 775 1861; x_wconf 84' lang='lat' dir='ltr'>finit</span> <span class='ocrx_word' id='word_1_205' title='bbox 795 1836 905 1872; x_wconf 87' lang='lat' dir='ltr'>aquas</span> <span class='ocrx_word' id='word_1_206' title='bbox 922 1838 929 1860; x_wconf 90' lang='lat'>:</span> 
     </span>
     <span class='ocr_line' id='line_1_32' title="bbox 95 1877 973 1927; baseline -0.003 -10"><span class='ocrx_word' id='word_1_207' title='bbox 95 1879 156 1917; x_wconf 90' lang='lat' dir='ltr'>Sic</span> <span class='ocrx_word' id='word_1_208' title='bbox 174 1878 281 1915; x_wconf 88' lang='lat' dir='ltr'>Fabii</span> <span class='ocrx_word' id='word_1_209' title='bbox 299 1877 382 1915; x_wconf 88' lang='lat' dir='ltr'>latis</span> <span class='ocrx_word' id='word_1_210' title='bbox 400 1877 532 1914; x_wconf 86' lang='lat' dir='ltr'>vallem</span> <span class='ocrx_word' id='word_1_211' title='bbox 551 1877 776 1914; x_wconf 86' lang='lat' dir='ltr'>discursibus</span> <span class='ocrx_word' id='word_1_212' title='bbox 794 1877 949 1927; x_wconf 84' lang='lat' dir='ltr'>implent</span> <span class='ocrx_word' id='word_1_213' title='bbox 965 1891 973 1922; x_wconf 90' lang='lat'>;</span> 
     </span>
     <span class='ocr_line' id='line_1_33' title="bbox 147 1930 1165 1980; baseline 0.003 -12"><span class='ocrx_word' id='word_1_214' title='bbox 147 1932 320 1980; x_wconf 78' lang='lat' dir='ltr'>Quosque</span> <span class='ocrx_word' id='word_1_215' title='bbox 338 1930 478 1976; x_wconf 83' lang='lat' dir='ltr'>vident,</span> <span class='ocrx_word' id='word_1_216' title='bbox 498 1935 668 1968; x_wconf 88' lang='lat' dir='ltr'>sternunt</span> <span class='ocrx_word' id='word_1_217' title='bbox 685 1945 692 1968; x_wconf 84' lang='lat' dir='ltr'><strong><em>z</em></strong></span> <span class='ocrx_word' id='word_1_218' title='bbox 722 1943 790 1967; x_wconf 87' lang='lat' dir='ltr'>nec</span> <span class='ocrx_word' id='word_1_219' title='bbox 811 1936 928 1968; x_wconf 80' lang='lat' dir='ltr'>metus</span> <span class='ocrx_word' id='word_1_220' title='bbox 947 1932 1040 1969; x_wconf 87' lang='lat' dir='ltr'>alter</span> <span class='ocrx_word' id='word_1_221' title='bbox 1057 1932 1165 1971; x_wconf 84' lang='lat' dir='ltr'>inest.</span> 
     </span>
     <span class='ocr_line' id='line_1_34' title="bbox 94 1984 1253 2032; baseline 0 -9"><span class='ocrx_word' id='word_1_222' title='bbox 94 1987 181 2032; x_wconf 73' lang='lat' dir='ltr'>Quo</span> <span class='ocrx_word' id='word_1_223' title='bbox 199 1985 315 2030; x_wconf 85' lang='lat' dir='ltr'>ruitis,</span> <span class='ocrx_word' id='word_1_224' title='bbox 336 1997 513 2032; x_wconf 85' lang='lat' dir='ltr'>generosa</span> <span class='ocrx_word' id='word_1_225' title='bbox 532 1984 664 2021; x_wconf 86' lang='lat' dir='ltr'>domus</span> <span class='ocrx_word' id='word_1_226' title='bbox 683 1984 702 2021; x_wconf 69' lang='grc' dir='ltr'>ἱ)</span> <span class='ocrx_word' id='word_1_227' title='bbox 731 1984 825 2021; x_wconf 91' lang='lat' dir='ltr'>male</span> <span class='ocrx_word' id='word_1_228' title='bbox 843 1984 1006 2023; x_wconf 86' lang='lat' dir='ltr'>creditur</span> <span class='ocrx_word' id='word_1_229' title='bbox 1025 1985 1134 2024; x_wconf 89' lang='lat' dir='ltr'>hosti.</span> <span class='ocrx_word' id='word_1_230' title='bbox 1177 1986 1253 2023; x_wconf 81' lang='grc'>225</span> 
     </span>
     <span class='ocr_line' id='line_1_35' title="bbox 148 2037 880 2088; baseline -0.001 -12"><span class='ocrx_word' id='word_1_231' title='bbox 148 2039 312 2088; x_wconf 85' lang='lat' dir='ltr'>Simplex</span> <span class='ocrx_word' id='word_1_232' title='bbox 330 2037 514 2083; x_wconf 83' lang='lat' dir='ltr'>nobilitas,</span> <span class='ocrx_word' id='word_1_233' title='bbox 533 2037 674 2087; x_wconf 88' lang='lat' dir='ltr'>perfida</span> <span class='ocrx_word' id='word_1_234' title='bbox 687 2037 762 2075; x_wconf 85' lang='lat' dir='ltr'>tela</span> <span class='ocrx_word' id='word_1_235' title='bbox 780 2050 880 2075; x_wconf 84' lang='lat' dir='ltr'>cave.</span> 
     </span>
     <span class='ocr_line' id='line_1_36' title="bbox 95 2091 1124 2142; baseline -0.001 -11"><span class='ocrx_word' id='word_1_236' title='bbox 95 2093 242 2131; x_wconf 90' lang='lat' dir='ltr'>Fraude</span> <span class='ocrx_word' id='word_1_237' title='bbox 260 2092 357 2141; x_wconf 88' lang='lat' dir='ltr'>perit</span> <span class='ocrx_word' id='word_1_238' title='bbox 375 2091 503 2128; x_wconf 83' lang='lat' dir='ltr'>virtus.</span> <span class='ocrx_word' id='word_1_239' title='bbox 560 2091 605 2127; x_wconf 92' lang='lat' dir='ltr'>In</span> <span class='ocrx_word' id='word_1_240' title='bbox 624 2096 773 2140; x_wconf 88' lang='lat' dir='ltr'>apertos</span> <span class='ocrx_word' id='word_1_241' title='bbox 792 2091 956 2140; x_wconf 17' lang='lat' dir='ltr'>unrlique</span> <span class='ocrx_word' id='word_1_242' title='bbox 976 2105 1124 2142; x_wconf 85' lang='lat' dir='ltr'>campos</span> 
     </span>
     <span class='ocr_line' id='line_1_37' title="bbox 150 2144 966 2190; baseline -0.004 -7"><span class='ocrx_word' id='word_1_243' title='bbox 150 2146 353 2183; x_wconf 90' lang='lat' dir='ltr'>Prosiliunt</span> <span class='ocrx_word' id='word_1_244' title='bbox 371 2144 506 2190; x_wconf 86' lang='lat' dir='ltr'>hostes,</span> <span class='ocrx_word' id='word_1_245' title='bbox 527 2150 565 2182; x_wconf 91' lang='lat' dir='ltr'>et</span> <span class='ocrx_word' id='word_1_246' title='bbox 581 2144 678 2182; x_wconf 89' lang='lat' dir='ltr'>latus</span> <span class='ocrx_word' id='word_1_247' title='bbox 697 2157 805 2181; x_wconf 89' lang='lat' dir='ltr'>omne</span> <span class='ocrx_word' id='word_1_248' title='bbox 823 2150 966 2183; x_wconf 90' lang='lat' dir='ltr'>tenent.</span> 
     </span>
     <span class='ocr_line' id='line_1_38' title="bbox 99 2197 986 2247; baseline -0.001 -10"><span class='ocrx_word' id='word_1_249' title='bbox 99 2200 201 2246; x_wconf 76' lang='lat' dir='ltr'>Quid</span> <span class='ocrx_word' id='word_1_250' title='bbox 219 2199 354 2236; x_wconf 87' lang='lat' dir='ltr'>facient</span> <span class='ocrx_word' id='word_1_251' title='bbox 365 2198 474 2247; x_wconf 85' lang='lat' dir='ltr'>pauci</span> <span class='ocrx_word' id='word_1_252' title='bbox 493 2202 623 2235; x_wconf 88' lang='lat' dir='ltr'>contra</span> <span class='ocrx_word' id='word_1_253' title='bbox 633 2202 691 2235; x_wconf 88' lang='lat' dir='ltr'>tot</span> <span class='ocrx_word' id='word_1_254' title='bbox 705 2197 819 2235; x_wconf 90' lang='lat' dir='ltr'>millia</span> <span class='ocrx_word' id='word_1_255' title='bbox 835 2198 948 2236; x_wconf 84' lang='lat' dir='ltr'>fortes</span> <span class='ocrx_word' id='word_1_256' title='bbox 967 2199 986 2236; x_wconf 74' lang='grc' dir='ltr'>ἶ)</span> 
     </span>
     <span class='ocr_line' id='line_1_39' title="bbox 151 2251 1256 2301; baseline 0.001 -12"><span class='ocrx_word' id='word_1_257' title='bbox 151 2253 313 2299; x_wconf 78' lang='lat' dir='ltr'>Quidve,</span> <span class='ocrx_word' id='word_1_258' title='bbox 328 2251 427 2301; x_wconf 92' lang='lat' dir='ltr'>quod</span> <span class='ocrx_word' id='word_1_259' title='bbox 445 2252 484 2287; x_wconf 92' lang='lat' dir='ltr'>in</span> <span class='ocrx_word' id='word_1_260' title='bbox 503 2251 635 2288; x_wconf 78' lang='lat' dir='ltr'>misero</span> <span class='ocrx_word' id='word_1_261' title='bbox 649 2256 814 2300; x_wconf 90' lang='lat' dir='ltr'>tempore</span> <span class='ocrx_word' id='word_1_262' title='bbox 832 2258 956 2298; x_wconf 84' lang='lat' dir='ltr'>restet,</span> <span class='ocrx_word' id='word_1_263' title='bbox 978 2252 1147 2292; x_wconf 78' lang='lat' dir='ltr'>habent?</span> <span class='ocrx_word' id='word_1_264' title='bbox 1179 2253 1256 2291; x_wconf 78' lang='lat'>230</span> 
     </span>
     <span class='ocr_line' id='line_1_40' title="bbox 98 2304 982 2355; baseline -0.002 -9"><span class='ocrx_word' id='word_1_265' title='bbox 98 2307 202 2346; x_wconf 88' lang='lat' dir='ltr'>Sicut</span> <span class='ocrx_word' id='word_1_266' title='bbox 222 2318 321 2355; x_wconf 88' lang='lat' dir='ltr'>aper,</span> <span class='ocrx_word' id='word_1_267' title='bbox 342 2304 452 2354; x_wconf 82' lang='lat' dir='ltr'>sylvis</span> <span class='ocrx_word' id='word_1_268' title='bbox 469 2305 581 2353; x_wconf 83' lang='lat' dir='ltr'>longe</span> <span class='ocrx_word' id='word_1_269' title='bbox 600 2305 849 2342; x_wconf 81' lang='lat' dir='ltr'>Laurentibus</span> <span class='ocrx_word' id='word_1_270' title='bbox 868 2311 982 2352; x_wconf 86' lang='lat' dir='ltr'>actus,</span> 
     </span>
     <span class='ocr_line' id='line_1_41' title="bbox 151 2358 901 2407; baseline 0 -10"><span class='ocrx_word' id='word_1_271' title='bbox 151 2360 347 2397; x_wconf 87' lang='lat' dir='ltr'>Fulmineo</span> <span class='ocrx_word' id='word_1_272' title='bbox 362 2358 496 2396; x_wconf 83' lang='lat' dir='ltr'>celeres</span> <span class='ocrx_word' id='word_1_273' title='bbox 515 2358 669 2407; x_wconf 86' lang='lat' dir='ltr'>dissipat</span> <span class='ocrx_word' id='word_1_274' title='bbox 687 2370 751 2396; x_wconf 82' lang='lat' dir='ltr'>ore</span> <span class='ocrx_word' id='word_1_275' title='bbox 769 2371 877 2397; x_wconf 84' lang='lat' dir='ltr'>canes</span> <span class='ocrx_word' id='word_1_276' title='bbox 893 2373 901 2403; x_wconf 77' lang='lat'><em>3</em></span> 
     </span>
     <span class='ocr_line' id='line_1_42' title="bbox 99 2411 1119 2462; baseline 0.001 -9"><span class='ocrx_word' id='word_1_277' title='bbox 99 2414 190 2453; x_wconf 76' lang='lat' dir='ltr'>Mox</span> <span class='ocrx_word' id='word_1_278' title='bbox 209 2419 333 2453; x_wconf 86' lang='lat' dir='ltr'>tamen</span> <span class='ocrx_word' id='word_1_279' title='bbox 352 2412 429 2462; x_wconf 83' lang='lat' dir='ltr'>ipse</span> <span class='ocrx_word' id='word_1_280' title='bbox 443 2412 540 2462; x_wconf 87' lang='lat' dir='ltr'>perit</span> <span class='ocrx_word' id='word_1_281' title='bbox 559 2426 568 2450; x_wconf 74' lang='grc' dir='ltr'>ε</span> <span class='ocrx_word' id='word_1_282' title='bbox 598 2411 649 2449; x_wconf 83' lang='lat' dir='ltr'>sic</span> <span class='ocrx_word' id='word_1_283' title='bbox 667 2424 743 2448; x_wconf 88' lang='lat' dir='ltr'>non</span> <span class='ocrx_word' id='word_1_284' title='bbox 757 2412 968 2453; x_wconf 77' lang='lat' dir='ltr'>moriuntur</span> <span class='ocrx_word' id='word_1_285' title='bbox 985 2413 1093 2454; x_wconf 77' lang='lat' dir='ltr'>inulti</span> <span class='ocrx_word' id='word_1_286' title='bbox 1109 2427 1119 2461; x_wconf 70' lang='lat' dir='ltr'><strong><em>z</em></strong></span> 
     </span>
    </p>
   </div>
   <div class='ocr_carea' id='block_1_3' title="bbox 641 2464 725 2505">
    <p class='ocr_par' dir='ltr' id='par_1_3' title="bbox 641 2464 725 2505">
     <span class='ocr_line' id='line_1_43' title="bbox 641 2464 725 2505; baseline 0.024 -2"><span class='ocrx_word' id='word_1_287' title='bbox 641 2464 725 2505; x_wconf 75' lang='lat'>02</span> 
     </span>
    </p>
   </div>
  </div>
 </body>
</html>
