<?xml version="1.0" encoding="UTF-8"?>
<!DOCTYPE html PUBLIC "-//W3C//DTD XHTML 1.0 Transitional//EN"
    "http://www.w3.org/TR/xhtml1/DTD/xhtml1-transitional.dtd">
<html xmlns="http://www.w3.org/1999/xhtml" xml:lang="en" lang="en">
 <head>
  <title>
</title>
<meta http-equiv="Content-Type" content="text/html;charset=utf-8" />
  <meta name='ocr-system' content='tesseract 3.04.00' />
  <meta name='ocr-capabilities' content='ocr_page ocr_carea ocr_par ocr_line ocrx_word'/>
</head>
<body>
  <div class='ocr_page' id='page_1' title='image "./curriculumlatinu02mont_0184.png"; bbox 0 0 1414 2666; ppageno 0'>
   <div class='ocr_carea' id='block_1_1' title="bbox 123 131 875 174">
    <p class='ocr_par' dir='ltr' id='par_1_1' title="bbox 123 131 875 174">
     <span class='ocr_line' id='line_1_1' title="bbox 123 131 875 174; baseline 0.003 -3"><span class='ocrx_word' id='word_1_1' title='bbox 123 131 174 171; x_wconf 83' lang='lat'>56</span> <span class='ocrx_word' id='word_1_2' title='bbox 576 144 788 173; x_wconf 62' lang='lat' dir='ltr'>omnmo-M</span> <span class='ocrx_word' id='word_1_3' title='bbox 815 146 875 174; x_wconf 89' lang='lat'>111.</span> 
     </span>
    </p>
   </div>
   <div class='ocr_carea' id='block_1_2' title="bbox 443 240 988 282">
    <p class='ocr_par' dir='ltr' id='par_1_2' title="bbox 443 240 988 282">
     <span class='ocr_line' id='line_1_2' title="bbox 443 240 988 282; baseline 0.009 -5"><span class='ocrx_word' id='word_1_4' title='bbox 443 240 531 278; x_wconf 84' lang='lat' dir='ltr'>ODE</span> <span class='ocrx_word' id='word_1_5' title='bbox 552 241 771 281; x_wconf 71' lang='lat' dir='ltr'><strong><em>&gt;HL—Ad</em></strong></span> <span class='ocrx_word' id='word_1_6' title='bbox 787 243 988 282; x_wconf 80' lang='lat' dir='ltr'>Neobulen.</span> 
     </span>
    </p>
   </div>
   <div class='ocr_carea' id='block_1_3' title="bbox 117 318 1309 856">
    <p class='ocr_par' dir='ltr' id='par_1_3' title="bbox 120 318 1292 422">
     <span class='ocr_line' id='line_1_3' title="bbox 122 318 1292 373; baseline 0.007 -18"><span class='ocrx_word' id='word_1_7' title='bbox 122 318 373 356; x_wconf 77' lang='lat' dir='ltr'><strong>MISERARUM</strong></span> <span class='ocrx_word' id='word_1_8' title='bbox 392 324 460 366; x_wconf 87' lang='lat' dir='ltr'>est,</span> <span class='ocrx_word' id='word_1_9' title='bbox 481 332 605 370; x_wconf 90' lang='lat' dir='ltr'>neque</span> <span class='ocrx_word' id='word_1_10' title='bbox 625 322 758 360; x_wconf 79' lang='lat' dir='ltr'>Amori</span> <span class='ocrx_word' id='word_1_11' title='bbox 778 322 868 361; x_wconf 85' lang='lat' dir='ltr'>dare</span> <span class='ocrx_word' id='word_1_12' title='bbox 886 322 1032 370; x_wconf 86' lang='lat' dir='ltr'>ludum,</span> <span class='ocrx_word' id='word_1_13' title='bbox 1053 335 1176 373; x_wconf 87' lang='lat' dir='ltr'>neque</span> <span class='ocrx_word' id='word_1_14' title='bbox 1190 324 1292 364; x_wconf 89' lang='lat' dir='ltr'>dulci</span> 
     </span>
     <span class='ocr_line' id='line_1_4' title="bbox 120 371 1069 422; baseline 0.006 -13"><span class='ocrx_word' id='word_1_15' title='bbox 120 371 226 410; x_wconf 87' lang='lat' dir='ltr'>Mala</span> <span class='ocrx_word' id='word_1_16' title='bbox 245 373 332 411; x_wconf 90' lang='lat' dir='ltr'>vino</span> <span class='ocrx_word' id='word_1_17' title='bbox 351 373 476 412; x_wconf 86' lang='lat' dir='ltr'>lavere</span> <span class='ocrx_word' id='word_1_18' title='bbox 496 387 505 418; x_wconf 81' lang='lat'>3</span> <span class='ocrx_word' id='word_1_19' title='bbox 535 379 601 413; x_wconf 87' lang='lat' dir='ltr'>aut</span> <span class='ocrx_word' id='word_1_20' title='bbox 620 376 836 422; x_wconf 82' lang='lat' dir='ltr'>exanimari,</span> <span class='ocrx_word' id='word_1_21' title='bbox 857 381 1069 416; x_wconf 80' lang='lat' dir='ltr'>metuentes</span> 
     </span>
    </p>

    <p class='ocr_par' dir='ltr' id='par_1_4' title="bbox 119 425 1189 533">
     <span class='ocr_line' id='line_1_5' title="bbox 119 425 1189 481; baseline 0.007 -19"><span class='ocrx_word' id='word_1_22' title='bbox 119 425 283 465; x_wconf 73' lang='lat' dir='ltr'>Pati-uae</span> <span class='ocrx_word' id='word_1_23' title='bbox 298 427 459 478; x_wconf 16' lang='lat' dir='ltr'>‘verbera</span> <span class='ocrx_word' id='word_1_24' title='bbox 479 427 641 477; x_wconf 79' lang='lat' dir='ltr'>linguae.</span> <span class='ocrx_word' id='word_1_25' title='bbox 698 430 785 467; x_wconf 84' lang='lat' dir='ltr'>Tibi</span> <span class='ocrx_word' id='word_1_26' title='bbox 804 430 956 479; x_wconf 89' lang='lat' dir='ltr'>qualum</span> <span class='ocrx_word' id='word_1_27' title='bbox 978 429 1189 481; x_wconf 81' lang='lat' dir='ltr'>Cythereae</span> 
     </span>
     <span class='ocr_line' id='line_1_6' title="bbox 120 479 1054 533; baseline 0.007 -17"><span class='ocrx_word' id='word_1_28' title='bbox 120 479 221 517; x_wconf 90' lang='lat' dir='ltr'>Puer</span> <span class='ocrx_word' id='word_1_29' title='bbox 240 480 341 526; x_wconf 80' lang='lat' dir='ltr'>ales3</span> <span class='ocrx_word' id='word_1_30' title='bbox 369 480 441 519; x_wconf 88' lang='lat' dir='ltr'>tibi</span> <span class='ocrx_word' id='word_1_31' title='bbox 459 481 565 528; x_wconf 88' lang='lat' dir='ltr'>telas,</span> <span class='ocrx_word' id='word_1_32' title='bbox 585 494 839 533; x_wconf 84' lang='lat' dir='ltr'>operosaeque</span> <span class='ocrx_word' id='word_1_33' title='bbox 860 480 1054 523; x_wconf 90' lang='lat' dir='ltr'>Minervae</span> 
     </span>
    </p>

    <p class='ocr_par' dir='ltr' id='par_1_5' title="bbox 120 533 1309 639">
     <span class='ocr_line' id='line_1_7' title="bbox 120 533 1309 588; baseline 0.007 -17"><span class='ocrx_word' id='word_1_34' title='bbox 120 533 309 580; x_wconf 89' lang='lat' dir='ltr'>Studium,</span> <span class='ocrx_word' id='word_1_35' title='bbox 332 534 466 581; x_wconf 78' lang='lat' dir='ltr'>aufert,</span> <span class='ocrx_word' id='word_1_36' title='bbox 487 535 674 581; x_wconf 90' lang='lat' dir='ltr'>Neobule,</span> <span class='ocrx_word' id='word_1_37' title='bbox 694 537 870 588; x_wconf 77' lang='lat' dir='ltr'>Liparaei</span> <span class='ocrx_word' id='word_1_38' title='bbox 885 538 986 576; x_wconf 86' lang='lat' dir='ltr'>nitor</span> <span class='ocrx_word' id='word_1_39' title='bbox 1005 537 1141 586; x_wconf 89' lang='lat' dir='ltr'>Hebri,</span> <span class='ocrx_word' id='word_1_40' title='bbox 1284 541 1309 579; x_wconf 85' lang='lat'><strong><em>5</em></strong></span> 
     </span>
     <span class='ocr_line' id='line_1_8' title="bbox 120 580 1110 639; baseline 0.006 -15"><span class='ocrx_word' id='word_1_41' title='bbox 120 586 241 625; x_wconf 88' lang='lat' dir='ltr'>Simul</span> <span class='ocrx_word' id='word_1_42' title='bbox 260 592 396 627; x_wconf 88' lang='lat' dir='ltr'>unctos</span> <span class='ocrx_word' id='word_1_43' title='bbox 415 588 602 628; x_wconf 87' lang='lat' dir='ltr'>Tiberinis</span> <span class='ocrx_word' id='word_1_44' title='bbox 621 590 796 629; x_wconf 89' lang='lat' dir='ltr'>humeros</span> <span class='ocrx_word' id='word_1_45' title='bbox 814 591 907 630; x_wconf 86' lang='lat' dir='ltr'>lavit</span> <span class='ocrx_word' id='word_1_46' title='bbox 925 591 967 630; x_wconf 88' lang='lat' dir='ltr'>in</span> <span class='ocrx_word' id='word_1_47' title='bbox 985 580 1110 639; x_wconf 77' lang='lat' dir='ltr'>undis,</span> 
     </span>
    </p>

    <p class='ocr_par' dir='ltr' id='par_1_6' title="bbox 119 640 1102 695">
     <span class='ocr_line' id='line_1_9' title="bbox 119 640 1102 695; baseline 0.006 -17"><span class='ocrx_word' id='word_1_48' title='bbox 119 640 246 690; x_wconf 88' lang='lat' dir='ltr'>Eques</span> <span class='ocrx_word' id='word_1_49' title='bbox 264 642 345 691; x_wconf 88' lang='lat' dir='ltr'>ipso</span> <span class='ocrx_word' id='word_1_50' title='bbox 359 642 491 681; x_wconf 88' lang='lat' dir='ltr'>melior</span> <span class='ocrx_word' id='word_1_51' title='bbox 506 643 811 695; x_wconf 81' lang='lat' dir='ltr'>Bellerophonte,</span> <span class='ocrx_word' id='word_1_52' title='bbox 831 658 954 695; x_wconf 90' lang='lat' dir='ltr'>neque</span> <span class='ocrx_word' id='word_1_53' title='bbox 972 658 1102 695; x_wconf 86' lang='lat' dir='ltr'>pugno</span> 
     </span>
    </p>

    <p class='ocr_par' dir='ltr' id='par_1_7' title="bbox 117 694 1194 801">
     <span class='ocr_line' id='line_1_10' title="bbox 117 694 1194 750; baseline 0.007 -19"><span class='ocrx_word' id='word_1_54' title='bbox 117 694 254 744; x_wconf 90' lang='lat' dir='ltr'>Neque</span> <span class='ocrx_word' id='word_1_55' title='bbox 273 696 381 746; x_wconf 87' lang='lat' dir='ltr'>segni</span> <span class='ocrx_word' id='word_1_56' title='bbox 398 697 496 746; x_wconf 88' lang='lat' dir='ltr'>pede</span> <span class='ocrx_word' id='word_1_57' title='bbox 514 698 636 737; x_wconf 87' lang='lat' dir='ltr'>victus</span> <span class='ocrx_word' id='word_1_58' title='bbox 655 712 664 744; x_wconf 83' lang='lat'><em>3</em></span> <span class='ocrx_word' id='word_1_59' title='bbox 696 704 801 737; x_wconf 86' lang='lat' dir='ltr'>catus</span> <span class='ocrx_word' id='word_1_60' title='bbox 815 699 917 737; x_wconf 88' lang='lat' dir='ltr'>idem</span> <span class='ocrx_word' id='word_1_61' title='bbox 935 712 1003 749; x_wconf 89' lang='lat' dir='ltr'>per</span> <span class='ocrx_word' id='word_1_62' title='bbox 1022 706 1194 750; x_wconf 85' lang='lat' dir='ltr'>apertum</span> 
     </span>
     <span class='ocr_line' id='line_1_11' title="bbox 119 747 1016 801; baseline 0.006 -16"><span class='ocrx_word' id='word_1_63' title='bbox 119 747 324 797; x_wconf 81' lang='lat' dir='ltr'>Fugientes</span> <span class='ocrx_word' id='word_1_64' title='bbox 345 750 489 800; x_wconf 84' lang='lat' dir='ltr'>agitato</span> <span class='ocrx_word' id='word_1_65' title='bbox 507 764 624 800; x_wconf 85' lang='lat' dir='ltr'>grege</span> <span class='ocrx_word' id='word_1_66' title='bbox 644 764 773 790; x_wconf 86' lang='lat' dir='ltr'>cervos</span> <span class='ocrx_word' id='word_1_67' title='bbox 783 752 955 801; x_wconf 85' lang='lat' dir='ltr'>jaculari,</span> <span class='ocrx_word' id='word_1_68' title='bbox 977 758 1016 791; x_wconf 90' lang='lat' dir='ltr'>et</span> 
     </span>
    </p>

    <p class='ocr_par' dir='ltr' id='par_1_8' title="bbox 119 801 1305 856">
     <span class='ocr_line' id='line_1_12' title="bbox 119 801 1305 856; baseline 0.007 -18"><span class='ocrx_word' id='word_1_69' title='bbox 119 801 227 840; x_wconf 88' lang='lat' dir='ltr'>Celer</span> <span class='ocrx_word' id='word_1_70' title='bbox 246 803 323 842; x_wconf 87' lang='lat' dir='ltr'>alto</span> <span class='ocrx_word' id='word_1_71' title='bbox 341 804 555 843; x_wconf 82' lang='lat' dir='ltr'>latitantem</span> <span class='ocrx_word' id='word_1_72' title='bbox 575 805 752 844; x_wconf 85' lang='lat' dir='ltr'>fruticeto</span> <span class='ocrx_word' id='word_1_73' title='bbox 772 806 945 856; x_wconf 82' lang='lat' dir='ltr'>excipere</span> <span class='ocrx_word' id='word_1_74' title='bbox 964 819 1110 856; x_wconf 87' lang='lat' dir='ltr'>aprum.</span> <span class='ocrx_word' id='word_1_75' title='bbox 1255 809 1305 846; x_wconf 85' lang='grc'>10</span> 
     </span>
    </p>
   </div>
   <div class='ocr_carea' id='block_1_4' title="bbox 327 894 1091 936">
    <p class='ocr_par' dir='ltr' id='par_1_9' title="bbox 327 894 1091 936">
     <span class='ocr_line' id='line_1_13' title="bbox 327 894 1091 936; baseline 0.007 -5"><span class='ocrx_word' id='word_1_76' title='bbox 327 894 416 932; x_wconf 84' lang='lat' dir='ltr'>ODE</span> <span class='ocrx_word' id='word_1_77' title='bbox 433 895 671 934; x_wconf 74' lang='lat' dir='ltr'>XIII.—-Acl</span> <span class='ocrx_word' id='word_1_78' title='bbox 687 897 843 935; x_wconf 83' lang='lat' dir='ltr'>Fontem</span> <span class='ocrx_word' id='word_1_79' title='bbox 860 897 1091 936; x_wconf 78' lang='lat' dir='ltr'>Bandusiae.</span> 
     </span>
    </p>
   </div>
   <div class='ocr_carea' id='block_1_5' title="bbox 220 971 1302 1829">
    <p class='ocr_par' dir='ltr' id='par_1_10' title="bbox 220 971 1302 1829">
     <span class='ocr_line' id='line_1_14' title="bbox 226 971 1012 1024; baseline 0.004 -15"><span class='ocrx_word' id='word_1_80' title='bbox 226 971 260 1009; x_wconf 95' lang='lat' dir='ltr'>O</span> <span class='ocrx_word' id='word_1_81' title='bbox 281 982 382 1010; x_wconf 57' lang='lat' dir='ltr'>Foris</span> <span class='ocrx_word' id='word_1_82' title='bbox 402 972 629 1020; x_wconf 84' lang='lat' dir='ltr'>Bandusiae,</span> <span class='ocrx_word' id='word_1_83' title='bbox 651 973 884 1024; x_wconf 87' lang='lat' dir='ltr'>splendidior</span> <span class='ocrx_word' id='word_1_84' title='bbox 903 975 1012 1020; x_wconf 81' lang='lat' dir='ltr'>vitro,</span> 
     </span>
     <span class='ocr_line' id='line_1_15' title="bbox 221 1026 992 1075; baseline 0.003 -12"><span class='ocrx_word' id='word_1_85' title='bbox 221 1026 338 1064; x_wconf 87' lang='lat' dir='ltr'>Dulci</span> <span class='ocrx_word' id='word_1_86' title='bbox 357 1026 474 1075; x_wconf 87' lang='lat' dir='ltr'>digne</span> <span class='ocrx_word' id='word_1_87' title='bbox 492 1039 606 1073; x_wconf 88' lang='lat' dir='ltr'>mero,</span> <span class='ocrx_word' id='word_1_88' title='bbox 628 1039 706 1064; x_wconf 88' lang='lat' dir='ltr'>non</span> <span class='ocrx_word' id='word_1_89' title='bbox 727 1028 808 1065; x_wconf 84' lang='lat' dir='ltr'>sine</span> <span class='ocrx_word' id='word_1_90' title='bbox 825 1028 992 1074; x_wconf 85' lang='lat' dir='ltr'>floribus,</span> 
     </span>
     <span class='ocr_line' id='line_1_16' title="bbox 277 1080 752 1126; baseline 0.002 -9"><span class='ocrx_word' id='word_1_91' title='bbox 277 1080 369 1117; x_wconf 85' lang='lat' dir='ltr'>Cras</span> <span class='ocrx_word' id='word_1_92' title='bbox 389 1081 589 1118; x_wconf 85' lang='lat' dir='ltr'>donaberis</span> <span class='ocrx_word' id='word_1_93' title='bbox 609 1081 752 1126; x_wconf 84' lang='lat' dir='ltr'>haedo3</span> 
     </span>
     <span class='ocr_line' id='line_1_17' title="bbox 330 1134 903 1184; baseline 0.005 -14"><span class='ocrx_word' id='word_1_94' title='bbox 330 1134 403 1171; x_wconf 87' lang='lat' dir='ltr'>Cui</span> <span class='ocrx_word' id='word_1_95' title='bbox 421 1134 535 1180; x_wconf 87' lang='lat' dir='ltr'>frons,</span> <span class='ocrx_word' id='word_1_96' title='bbox 556 1135 710 1184; x_wconf 85' lang='lat' dir='ltr'>turgida</span> <span class='ocrx_word' id='word_1_97' title='bbox 726 1135 903 1173; x_wconf 86' lang='lat' dir='ltr'>cornibus</span> 
     </span>
     <span class='ocr_line' id='line_1_18' title="bbox 220 1186 1301 1238; baseline 0.004 -14"><span class='ocrx_word' id='word_1_98' title='bbox 220 1186 367 1234; x_wconf 85' lang='lat' dir='ltr'>Primis,</span> <span class='ocrx_word' id='word_1_99' title='bbox 389 1194 427 1226; x_wconf 94' lang='lat' dir='ltr'>et</span> <span class='ocrx_word' id='word_1_100' title='bbox 447 1188 634 1226; x_wconf 87' lang='lat' dir='ltr'>Venerem</span> <span class='ocrx_word' id='word_1_101' title='bbox 654 1195 693 1227; x_wconf 85' lang='lat' dir='ltr'>et</span> <span class='ocrx_word' id='word_1_102' title='bbox 711 1190 855 1238; x_wconf 89' lang='lat' dir='ltr'>proelia</span> <span class='ocrx_word' id='word_1_103' title='bbox 869 1190 1055 1228; x_wconf 85' lang='lat' dir='ltr'>destinat:</span> <span class='ocrx_word' id='word_1_104' title='bbox 1278 1193 1301 1227; x_wconf 78' lang='grc'><em>5</em></span> 
     </span>
     <span class='ocr_line' id='line_1_19' title="bbox 223 1241 936 1291; baseline 0.006 -14"><span class='ocrx_word' id='word_1_105' title='bbox 223 1241 380 1279; x_wconf 85' lang='lat' dir='ltr'>Frustra</span> <span class='ocrx_word' id='word_1_106' title='bbox 399 1255 408 1286; x_wconf 92' lang='lat'>;</span> <span class='ocrx_word' id='word_1_107' title='bbox 439 1254 526 1279; x_wconf 88' lang='lat' dir='ltr'>nam</span> <span class='ocrx_word' id='word_1_108' title='bbox 545 1242 691 1291; x_wconf 87' lang='lat' dir='ltr'>gelidos</span> <span class='ocrx_word' id='word_1_109' title='bbox 705 1243 847 1281; x_wconf 86' lang='lat' dir='ltr'>inficiet</span> <span class='ocrx_word' id='word_1_110' title='bbox 866 1244 936 1282; x_wconf 84' lang='lat' dir='ltr'>tibi</span> 
     </span>
     <span class='ocr_line' id='line_1_20' title="bbox 276 1295 734 1345; baseline 0.004 -13"><span class='ocrx_word' id='word_1_111' title='bbox 276 1295 409 1332; x_wconf 88' lang='lat' dir='ltr'>Rubro</span> <span class='ocrx_word' id='word_1_112' title='bbox 430 1297 614 1345; x_wconf 86' lang='lat' dir='ltr'>sanguine</span> <span class='ocrx_word' id='word_1_113' title='bbox 634 1296 734 1334; x_wconf 88' lang='lat' dir='ltr'>rivos</span> 
     </span>
     <span class='ocr_line' id='line_1_21' title="bbox 330 1349 798 1399; baseline 0.002 -13"><span class='ocrx_word' id='word_1_114' title='bbox 330 1349 480 1386; x_wconf 86' lang='lat' dir='ltr'>Lascivi</span> <span class='ocrx_word' id='word_1_115' title='bbox 499 1350 647 1387; x_wconf 89' lang='lat' dir='ltr'>suboles</span> <span class='ocrx_word' id='word_1_116' title='bbox 665 1350 798 1399; x_wconf 81' lang='lat' dir='ltr'>gregis.</span> 
     </span>
     <span class='ocr_line' id='line_1_22' title="bbox 224 1403 958 1451; baseline 0.001 -12"><span class='ocrx_word' id='word_1_117' title='bbox 224 1403 279 1440; x_wconf 92' lang='lat' dir='ltr'>Te</span> <span class='ocrx_word' id='word_1_118' title='bbox 298 1403 494 1451; x_wconf 81' lang='lat' dir='ltr'>flagrantis</span> <span class='ocrx_word' id='word_1_119' title='bbox 513 1408 624 1441; x_wconf 78' lang='lat' dir='ltr'>atrox</span> <span class='ocrx_word' id='word_1_120' title='bbox 642 1403 735 1440; x_wconf 84' lang='lat' dir='ltr'>hora</span> <span class='ocrx_word' id='word_1_121' title='bbox 757 1403 958 1441; x_wconf 83' lang='lat' dir='ltr'>Caniculae</span> 
     </span>
     <span class='ocr_line' id='line_1_23' title="bbox 222 1457 1302 1506; baseline 0.004 -13"><span class='ocrx_word' id='word_1_122' title='bbox 222 1457 354 1494; x_wconf 86' lang='lat' dir='ltr'>Nescit</span> <span class='ocrx_word' id='word_1_123' title='bbox 373 1462 530 1505; x_wconf 81' lang='lat' dir='ltr'>tangere</span> <span class='ocrx_word' id='word_1_124' title='bbox 547 1470 554 1494; x_wconf 91' lang='lat'><strong>:</strong></span> <span class='ocrx_word' id='word_1_125' title='bbox 584 1462 627 1495; x_wconf 89' lang='lat' dir='ltr'>tu</span> <span class='ocrx_word' id='word_1_126' title='bbox 646 1457 766 1506; x_wconf 81' lang='lat' dir='ltr'>frigus</span> <span class='ocrx_word' id='word_1_127' title='bbox 781 1457 939 1495; x_wconf 82' lang='lat' dir='ltr'>amabile</span> <span class='ocrx_word' id='word_1_128' title='bbox 1251 1459 1302 1497; x_wconf 80' lang='lat'>10</span> 
     </span>
     <span class='ocr_line' id='line_1_24' title="bbox 277 1509 709 1549; baseline 0 -2"><span class='ocrx_word' id='word_1_129' title='bbox 277 1509 400 1547; x_wconf 85' lang='lat' dir='ltr'>Fessis</span> <span class='ocrx_word' id='word_1_130' title='bbox 420 1523 571 1548; x_wconf 89' lang='lat' dir='ltr'>vomere</span> <span class='ocrx_word' id='word_1_131' title='bbox 589 1511 709 1549; x_wconf 87' lang='lat' dir='ltr'>tauris</span> 
     </span>
     <span class='ocr_line' id='line_1_25' title="bbox 328 1563 842 1614; baseline 0.002 -14"><span class='ocrx_word' id='word_1_132' title='bbox 328 1563 503 1610; x_wconf 85' lang='lat' dir='ltr'>Praebes,</span> <span class='ocrx_word' id='word_1_133' title='bbox 525 1569 563 1602; x_wconf 93' lang='lat' dir='ltr'>et</span> <span class='ocrx_word' id='word_1_134' title='bbox 586 1565 713 1614; x_wconf 85' lang='lat' dir='ltr'>pecori</span> <span class='ocrx_word' id='word_1_135' title='bbox 732 1577 842 1613; x_wconf 83' lang='lat' dir='ltr'>vago.</span> 
     </span>
     <span class='ocr_line' id='line_1_26' title="bbox 222 1618 926 1668; baseline 0.001 -14"><span class='ocrx_word' id='word_1_136' title='bbox 222 1618 306 1655; x_wconf 84' lang='lat' dir='ltr'>Fies</span> <span class='ocrx_word' id='word_1_137' title='bbox 325 1618 508 1660; x_wconf 83' lang='lat' dir='ltr'>nobilium</span> <span class='ocrx_word' id='word_1_138' title='bbox 529 1623 570 1656; x_wconf 92' lang='lat' dir='ltr'>tu</span> <span class='ocrx_word' id='word_1_139' title='bbox 590 1631 740 1668; x_wconf 89' lang='lat' dir='ltr'>quoque</span> <span class='ocrx_word' id='word_1_140' title='bbox 753 1618 926 1664; x_wconf 83' lang='lat' dir='ltr'>fontium,</span> 
     </span>
     <span class='ocr_line' id='line_1_27' title="bbox 221 1670 951 1722; baseline 0.001 -14"><span class='ocrx_word' id='word_1_141' title='bbox 221 1670 287 1709; x_wconf 82' lang='lat' dir='ltr'>Me</span> <span class='ocrx_word' id='word_1_142' title='bbox 307 1671 457 1709; x_wconf 83' lang='lat' dir='ltr'>dicente</span> <span class='ocrx_word' id='word_1_143' title='bbox 476 1672 576 1710; x_wconf 87' lang='lat' dir='ltr'>cavis</span> <span class='ocrx_word' id='word_1_144' title='bbox 594 1673 809 1722; x_wconf 87' lang='lat' dir='ltr'>impositam</span> <span class='ocrx_word' id='word_1_145' title='bbox 827 1672 951 1710; x_wconf 86' lang='lat' dir='ltr'>ilicem</span> 
     </span>
     <span class='ocr_line' id='line_1_28' title="bbox 272 1724 1296 1776; baseline 0.001 -14"><span class='ocrx_word' id='word_1_146' title='bbox 272 1724 392 1770; x_wconf 82' lang='lat' dir='ltr'>Saxis,</span> <span class='ocrx_word' id='word_1_147' title='bbox 414 1726 516 1764; x_wconf 89' lang='lat' dir='ltr'>unde</span> <span class='ocrx_word' id='word_1_148' title='bbox 534 1726 709 1776; x_wconf 82' lang='lat' dir='ltr'>loquaces</span> <span class='ocrx_word' id='word_1_149' title='bbox 1248 1727 1296 1763; x_wconf 78' lang='lat'>15</span> 
     </span>
     <span class='ocr_line' id='line_1_29' title="bbox 326 1779 841 1829; baseline 0.004 -13"><span class='ocrx_word' id='word_1_150' title='bbox 326 1779 523 1829; x_wconf 85' lang='lat' dir='ltr'>Lymphae</span> <span class='ocrx_word' id='word_1_151' title='bbox 543 1780 722 1818; x_wconf 87' lang='lat' dir='ltr'>desiliunt</span> <span class='ocrx_word' id='word_1_152' title='bbox 741 1785 841 1818; x_wconf 86' lang='lat' dir='ltr'>tuae.</span> 
     </span>
    </p>
   </div>
   <div class='ocr_carea' id='block_1_6' title="bbox 359 1870 1048 1923">
    <p class='ocr_par' dir='ltr' id='par_1_11' title="bbox 359 1870 1048 1923">
     <span class='ocr_line' id='line_1_30' title="bbox 359 1870 1048 1923; baseline -0.001 -14"><span class='ocrx_word' id='word_1_153' title='bbox 359 1870 448 1909; x_wconf 83' lang='lat' dir='ltr'>ODE</span> <span class='ocrx_word' id='word_1_154' title='bbox 469 1870 698 1909; x_wconf 80' lang='lat' dir='ltr'>XIV.-—De</span> <span class='ocrx_word' id='word_1_155' title='bbox 715 1871 854 1910; x_wconf 75' lang='lat' dir='ltr'>Reditu</span> <span class='ocrx_word' id='word_1_156' title='bbox 874 1870 1048 1923; x_wconf 72' lang='lat' dir='ltr'>Auyusti.</span> 
     </span>
    </p>
   </div>
   <div class='ocr_carea' id='block_1_7' title="bbox 214 1966 1017 2448">
    <p class='ocr_par' dir='ltr' id='par_1_12' title="bbox 214 1966 1017 2017">
     <span class='ocr_line' id='line_1_31' title="bbox 214 1966 1017 2017; baseline -0.001 -12"><span class='ocrx_word' id='word_1_157' title='bbox 214 1968 424 2005; x_wconf 78' lang='lat' dir='ltr'>HERonms</span> <span class='ocrx_word' id='word_1_158' title='bbox 443 1966 531 2012; x_wconf 86' lang='lat' dir='ltr'>ritu,</span> <span class='ocrx_word' id='word_1_159' title='bbox 552 1967 665 2004; x_wconf 90' lang='lat' dir='ltr'>modo</span> <span class='ocrx_word' id='word_1_160' title='bbox 684 1967 820 2012; x_wconf 86' lang='lat' dir='ltr'>dictus,</span> <span class='ocrx_word' id='word_1_161' title='bbox 841 1979 863 2004; x_wconf 96' lang='lat'>0</span> <span class='ocrx_word' id='word_1_162' title='bbox 883 1967 988 2017; x_wconf 86' lang='lat' dir='ltr'>plebs</span> <span class='ocrx_word' id='word_1_163' title='bbox 1008 1967 1017 2004; x_wconf 78' lang='lat'><em>1</em></span> 
     </span>
    </p>

    <p class='ocr_par' dir='ltr' id='par_1_13' title="bbox 214 2020 869 2070">
     <span class='ocr_line' id='line_1_32' title="bbox 214 2020 869 2070; baseline -0.003 -11"><span class='ocrx_word' id='word_1_164' title='bbox 214 2022 341 2059; x_wconf 87' lang='lat' dir='ltr'>Morte</span> <span class='ocrx_word' id='word_1_165' title='bbox 360 2020 528 2058; x_wconf 88' lang='lat' dir='ltr'>venalem</span> <span class='ocrx_word' id='word_1_166' title='bbox 542 2021 693 2070; x_wconf 86' lang='lat' dir='ltr'>petiisse</span> <span class='ocrx_word' id='word_1_167' title='bbox 710 2021 869 2066; x_wconf 84' lang='lat' dir='ltr'>laurum,</span> 
     </span>
    </p>

    <p class='ocr_par' dir='ltr' id='par_1_14' title="bbox 219 2074 873 2166">
     <span class='ocr_line' id='line_1_33' title="bbox 219 2074 873 2124; baseline -0.003 -11"><span class='ocrx_word' id='word_1_168' title='bbox 219 2075 359 2113; x_wconf 85' lang='lat' dir='ltr'>Caesar</span> <span class='ocrx_word' id='word_1_169' title='bbox 375 2074 548 2124; x_wconf 84' lang='lat' dir='ltr'>Hispana</span> <span class='ocrx_word' id='word_1_170' title='bbox 564 2075 702 2124; x_wconf 86' lang='lat' dir='ltr'>repetit</span> <span class='ocrx_word' id='word_1_171' title='bbox 719 2079 873 2124; x_wconf 83' lang='lat' dir='ltr'>penates</span> 
     </span>
     <span class='ocr_line' id='line_1_34' title="bbox 432 2128 731 2166; baseline 0 -2"><span class='ocrx_word' id='word_1_172' title='bbox 432 2128 566 2166; x_wconf 77' lang='lat' dir='ltr'>Victor</span> <span class='ocrx_word' id='word_1_173' title='bbox 585 2129 633 2165; x_wconf 87' lang='lat' dir='ltr'>ab</span> <span class='ocrx_word' id='word_1_174' title='bbox 652 2141 731 2166; x_wconf 85' lang='lat' dir='ltr'>ora.</span> 
     </span>
    </p>

    <p class='ocr_par' dir='ltr' id='par_1_15' title="bbox 216 2181 831 2232">
     <span class='ocr_line' id='line_1_35' title="bbox 216 2181 831 2232; baseline -0.003 -12"><span class='ocrx_word' id='word_1_175' title='bbox 216 2183 339 2220; x_wconf 85' lang='lat' dir='ltr'>Unico</span> <span class='ocrx_word' id='word_1_176' title='bbox 357 2182 527 2232; x_wconf 88' lang='lat' dir='ltr'>gaudens</span> <span class='ocrx_word' id='word_1_177' title='bbox 546 2182 680 2219; x_wconf 89' lang='lat' dir='ltr'>mulier</span> <span class='ocrx_word' id='word_1_178' title='bbox 696 2181 831 2220; x_wconf 88' lang='lat' dir='ltr'>marito</span> 
     </span>
    </p>

    <p class='ocr_par' dir='ltr' id='par_1_16' title="bbox 219 2235 840 2286">
     <span class='ocr_line' id='line_1_36' title="bbox 219 2235 840 2286; baseline -0.002 -13"><span class='ocrx_word' id='word_1_179' title='bbox 219 2236 397 2282; x_wconf 86' lang='lat' dir='ltr'>Prodeat,</span> <span class='ocrx_word' id='word_1_180' title='bbox 411 2235 526 2286; x_wconf 84' lang='lat' dir='ltr'>justis</span> <span class='ocrx_word' id='word_1_181' title='bbox 545 2240 700 2286; x_wconf 87' lang='lat' dir='ltr'>operata</span> <span class='ocrx_word' id='word_1_182' title='bbox 718 2235 814 2272; x_wconf 87' lang='lat' dir='ltr'>divis</span> <span class='ocrx_word' id='word_1_183' title='bbox 830 2248 840 2279; x_wconf 91' lang='lat'>;</span> 
     </span>
    </p>

    <p class='ocr_par' dir='ltr' id='par_1_17' title="bbox 217 2289 899 2393">
     <span class='ocr_line' id='line_1_37' title="bbox 217 2289 899 2334; baseline 0 -7"><span class='ocrx_word' id='word_1_184' title='bbox 217 2289 270 2329; x_wconf 91' lang='lat' dir='ltr'>Et</span> <span class='ocrx_word' id='word_1_185' title='bbox 289 2303 394 2327; x_wconf 87' lang='lat' dir='ltr'>soror</span> <span class='ocrx_word' id='word_1_186' title='bbox 412 2290 503 2327; x_wconf 85' lang='lat' dir='ltr'>clari</span> <span class='ocrx_word' id='word_1_187' title='bbox 522 2290 653 2334; x_wconf 88' lang='lat' dir='ltr'>ducis;</span> <span class='ocrx_word' id='word_1_188' title='bbox 684 2294 722 2328; x_wconf 91' lang='lat' dir='ltr'>et</span> <span class='ocrx_word' id='word_1_189' title='bbox 741 2289 899 2327; x_wconf 84' lang='lat' dir='ltr'>decorae</span> 
     </span>
     <span class='ocr_line' id='line_1_38' title="bbox 429 2343 719 2393; baseline -0.007 -11"><span class='ocrx_word' id='word_1_190' title='bbox 429 2343 605 2393; x_wconf 85' lang='lat' dir='ltr'>Supplice</span> <span class='ocrx_word' id='word_1_191' title='bbox 624 2344 719 2382; x_wconf 78' lang='lat' dir='ltr'>vitta</span> 
     </span>
    </p>

    <p class='ocr_par' dir='ltr' id='par_1_18' title="bbox 215 2397 999 2448">
     <span class='ocr_line' id='line_1_39' title="bbox 215 2397 999 2448; baseline -0.001 -14"><span class='ocrx_word' id='word_1_192' title='bbox 215 2397 418 2447; x_wconf 88' lang='lat' dir='ltr'>Virginum</span> <span class='ocrx_word' id='word_1_193' title='bbox 436 2403 586 2444; x_wconf 86' lang='lat' dir='ltr'>matres,</span> <span class='ocrx_word' id='word_1_194' title='bbox 602 2397 861 2448; x_wconf 87' lang='lat' dir='ltr'>juvenumque</span> <span class='ocrx_word' id='word_1_195' title='bbox 880 2408 999 2447; x_wconf 85' lang='lat' dir='ltr'>nuper</span> 
     </span>
    </p>
   </div>
   <div class='ocr_carea' id='block_1_8' title="bbox 1268 2181 1292 2218">
    <p class='ocr_par' dir='ltr' id='par_1_19' title="bbox 1268 2181 1292 2218">
     <span class='ocr_line' id='line_1_40' title="bbox 1268 2181 1292 2218; textangle 90"><span class='ocrx_word' id='word_1_196' title='bbox 1268 2181 1292 2218; x_wconf 50' lang='lat'>&lt;251</span> 
     </span>
    </p>
   </div>
  </div>
 </body>
</html>
