1414 2666
112 148 166 187 80
557 157 769 187 mammon
795 157 850 186 xv.

214 254 345 293 Judex
361 254 562 293 honestum
579 255 759 306 praetulit
774 253 872 300 utili,
891 257 931 293 et

215 308 366 358 Rejeeit
384 309 461 347 alto
481 309 582 346 dona
598 309 818 347 nocentium

264 362 398 408 Vultu,
420 367 458 400 et
477 375 544 412 per
566 363 760 401 obstantes
774 366 943 400 catervas

317 416 512 466 Explicuit
524 429 591 454 sua
609 417 729 455 victor
744 428 858 453 arma.

210 469 300 507 Non
319 470 572 519 possidentem
591 470 711 508 multa
729 469 919 507 vocaveris
1243 467 1294 505 45

210 522 337 560 Recte
354 524 531 561 beatum:
561 524 701 562 rectius
721 527 882 573 occupat

267 576 420 614 Nomen
437 577 550 623 beati,
573 577 640 627 qui
658 577 816 615 deorum

321 630 544 668 Muneribus
563 631 751 681 sapienter
770 629 841 676 uti,

211 683 433 734 Duramque
453 685 564 722 callet
583 684 802 734 pauperiem
819 683 912 733 pati,

213 737 401 787 Pejusque
420 738 496 776 leto
515 738 703 787 flagitium
720 737 855 782 timet;
1242 732 1297 771 50

267 791 357 828 Non
375 792 440 828 ille
459 804 528 841 pro
546 791 643 828 caris
662 790 790 828 amicis

317 845 400 882 Aut
419 845 543 894 patria
561 844 718 883 timidus
732 843 869 893 perire.

427 924 517 962 01>ss
539 914 715 962 X.—Ad
731 924 966 975 Liyurinum.

105 990 141 1029 Ο
162 1000 359 1028 cssUDELIS
374 990 510 1035 adhuc,
529 996 568 1029 et
589 990 748 1028 Veneris
767 990 989 1028 muneribus
1010 993 1143 1039 potens
1159 988 1170 1027 l

106 1043 303 1094 Insperata
321 1050 410 1082 tuae
429 1057 514 1082 cum
529 1045 656 1082 veniet
673 1044 802 1094 pluma
821 1043 1032 1093 superbiae,

107 1098 170 1144 Et,
192 1111 289 1147 quae
307 1111 408 1135 nuuc
426 1098 591 1136 humeris
609 1098 825 1142 involitant-‚
846 1096 1058 1137 deciderint
1076 1108 1216 1142 comae,

108 1151 236 1196 Nunc,
256 1156 306 1197 et,
327 1151 391 1200 qui
409 1152 511 1189 color
529 1158 586 1190 est
604 1152 784 1201 puniceae
803 1152 895 1188 flore
913 1151 1016 1201 prior
1035 1163 1152 1197 rosae,

105 1205 278 1243 Mutatus
298 1205 525 1254 Ligurinum
544 1206 727 1243 infaciem
748 1206 903 1244 verterit
922 1204 1132 1254 hispidam;
1268 1203 1294 1241 5

108 1258 235 1305 Dices,
258 1259 346 1296 Heu
363 1259 371 1296 ἶ
402 1259 549 1308 quoties
568 1265 607 1297 te
626 1259 666 1296 in
685 1259 837 1309 speculo
857 1258 994 1296 videris
1013 1258 1186 1306 alterum,

108 1312 218 1357 Quae
236 1325 341 1349 mens
361 1318 417 1350 est
436 1312 559 1358 hodie,
580 1325 646 1350 cur
666 1312 798 1350 eadem
817 1325 895 1349 non
914 1324 1031 1362 puero
1046 1311 1119 1350 fuit
1133 1312 1153 1349 ἱ)

106 1365 181 1403 Vel
199 1379 266 1403 cur
285 1366 342 1402 his
361 1366 493 1403 animis
512 1366 718 1404 incolumes
739 1379 816 1403 non
834 1366 996 1404 redeunt
1015 1377 1136 1416 genae
1149 1365 1171 1404 ⁴?

438 1443 527 1480 Onn
544 1443 738 1482 XL—Ad
753 1444 978 1495 Phyllidem.

218 1510 296 1547 EST
316 1509 407 1547 mihi
426 1523 568 1547 nonum
589 1511 802 1560 superantis
822 1523 964 1548 annum

216 1563 359 1601 Plenus
378 1564 519 1601 Albani
538 1564 654 1602 cadus
674 1578 683 1608 ;
712 1569 770 1602 est
788 1564 829 1601 in
847 1564 971 1610 horto,

219 1617 358 1668 Phylli,
380 1617 578 1656 nectendis
597 1618 724 1667 apium
745 1618 893 1656 coronis
914 1631 923 1662 3

434 1671 504 1709 Est
522 1671 685 1709 hederae
705 1671 760 1709 vis

217 1725 351 1770 Multa,
373 1738 448 1774 qua
466 1725 586 1762 crines
605 1725 765 1775 religata
782 1724 916 1774 fulges.
1277 1725 1301 1763 5

218 1778 338 1816 Ridet
357 1784 517 1828 argento
537 1779 671 1816 domus
689 1793 696 1817 :
729 1791 804 1825 ara,
826 1779 938 1817 castis
1126 1786 1128 1788 ’

219 1832 361 1870 Vincta
374 1833 559 1878 verbenis,
581 1838 667 1870 avet
686 1832 880 1870 immolato

439 1886 618 1935 Spargier
637 1899 748 1934 agno.

217 1939 366 1977 Cuncta
383 1939 536 1977 festinat
554 1952 686 1977 manus
702 1953 709 1977 :
741 1939 815 1976 huc
835 1944 873 1977 et
892 1939 981 1977 illuc

217 1992 414 2032 Cursitant
430 1993 570 2031 mixtae
587 1993 713 2043 pueris
731 1993 878 2042 puellae
894 2006 902 2030 :
1253 1993 1304 2033 10

221 2046 425 2084 Sordidum
444 2047 615 2084 fiammae
635 2046 830 2096 trepidant
848 2051 1019 2085 rotantes

437 2100 590 2138 Vertice
608 2100 766 2138 fumum.

228 2153 285 2192 Ut
304 2159 433 2192 tamen
451 2154 564 2199 noris,
586 2154 722 2203 quibus
741 2154 934 2192 advoceris

230 2207 401 2254 Gaudiis,
424 2207 515 2245 Idus
534 2208 604 2246 tibi
624 2213 713 2246 sunt
732 2208 912 2257 agendae,

225 2261 303 2307 Qui
322 2262 401 2298 dies
420 2274 585 2299 mensem
607 2261 764 2299 Veneris
780 2262 945 2299 marinae
1247 2262 1299 2300 15

438 2315 570 2354 Findit
589 2315 762 2364 Aprilem
777 2329 786 2359 ;

222 2367 249 2404 J
253 2380 319 2405 ure
337 2368 526 2406 sollemnis
544 2369 647 2414 mihi,
665 2369 905 2418 sanctiorque

222 2421 349 2459 Paene
367 2422 485 2460 natali
504 2423 670 2472 proprio,
691 2422 794 2472 quod
812 2435 860 2460 ex
878 2422 949 2461 hae
992 2450 995 2453 ψ
