1475 2712
498 173 708 203 CARMINUM
727 172 780 200 1v.

155 271 230 309 Sed
250 285 345 321 quae
365 271 484 309 Tibur
502 282 621 320 aquae
634 270 757 308 fertile
770 269 996 319 praefluunt,

264 325 317 364 Et
335 325 470 375 spissae
487 336 683 361 nemorum
702 335 830 361 comae

156 378 321 428 Fingent
331 378 464 416 Aeolio
483 378 648 416 carmine
665 377 841 414 nobilem.

259 431 414 478 Romae,
436 431 613 481 principis
632 431 796 476 urbium,

152 484 348 534 Dignatur
366 485 514 523 suboles
532 485 631 523 inter
650 485 827 522 amabiles

253 539 395 578 Vatum
413 551 553 588 ponere
567 551 631 577 vme
649 538 782 576 choros
797 551 805 575 :

150 590 201 629 Et
213 592 292 641 jam
311 592 426 630 dente
443 593 567 630 minus
581 592 757 629 mordeor
773 590 914 629 invido.

256 645 303 692 Ο,
323 646 524 684 testudinis
543 658 678 683 aureae

148 697 310 737 Dulcem
325 712 421 749 quae
438 700 648 749 strepitum,
671 698 782 744 Pieri,
802 704 988 749 temperas
1003 698 1012 737 l

254 753 303 798 O,
321 753 434 791 mutis
452 766 602 803 quoque
619 753 794 803 piscibus·

75 817 77 819 ’
146 804 346 844 Donatura
359 807 480 857 cycni,
501 807 532 844 si
546 807 672 852 libeat,
693 819 825 843 sonum
842 807 850 844 l

247 859 387 898 Totum
406 861 571 897 muneris
591 861 662 898 hoc
685 860 742 898 tui
757 865 825 906 est,

147 913 262 959 Quod
277 919 465 952 monstror
485 915 606 963 digito
624 914 944 963 praetereuntium

248 967 444 1005 Romanae
461 968 599 1004 fidicen
618 967 725 1017 lyrae
745 980 753 1005 :

144 1019 259 1065 Quod
278 1021 388 1070 spiro,
410 1026 449 1059 et
467 1021 606 1071 placeo,
628 1021 658 1058 si
677 1021 818 1070 placeo,
840 1026 947 1059 tuum
967 1025 1035 1060 est.

359 1112 448 1151 ODE
478 1113 726 1152 IV.-—Drusi
743 1114 902 1152 Laudes.

143 1191 322 1236 QUALEM
342 1192 554 1230 ministrum
574 1193 741 1230 fulminis
761 1193 888 1230 alitem

142 1243 233 1295 (Cui
251 1258 318 1283 rex
337 1245 493 1283 deorum
513 1258 672 1294 regnum
691 1246 731 1282 in
751 1259 836 1283 aves
855 1259 970 1295 vagas

194 1298 381 1345 Permisit,
403 1305 580 1349 expertus
598 1299 759 1345 fidelem,

319 1352 483 1402 Jupiter,
504 1354 544 1390 in
565 1353 788 1403 Ganymede
806 1351 919 1404 flavo)

139 1404 243 1444 Olim
250 1405 439 1454 juventas,
461 1412 499 1444 et
517 1407 662 1456 patrius
679 1407 788 1455 vigor

137 1458 241 1497 Nido
258 1459 429 1497 laborum
447 1460 615 1510 propulit
632 1461 801 1505 inscium,

190 1512 397 1562 Vernique,
411 1513 490 1563 jam
505 1514 642 1552 nimbis
661 1514 822 1561 remotis,

243 1566 420 1605 Insolitos
438 1567 600 1605 docuere
618 1567 722 1605 nisus

133 1619 251 1658 Venti
269 1625 490 1670 paventem3
519 1634 607 1659 mox
626 1622 667 1658 in
685 1620 798 1658 ovilia

133 1672 298 1711 Demisit
316 1674 461 1712 hostem
480 1675 627 1712 vividus
645 1675 829 1724 impetus;

185 1727 299 1764 Nunc
316 1727 356 1764 in
374 1729 602 1766 reluctantes
622 1728 802 1766 dracones

237 1780 330 1829 Egit
349 1794 454 1819 amor
473 1782 579 1831 dapis
598 1788 712 1831 atque
730 1794 904 1832 pugnae:

133 1834 339 1879 Qualemve
357 1835 465 1874 laetis
485 1848 618 1885 caprea
631 1835 779 1885 pascuis

129 1887 291 1936 Intenta,
311 1888 435 1926 fulvae
452 1889 583 1928 matris
602 1890 649 1926 ab
668 1889 784 1927 ubere

182 1942 208 1980 J
210 1955 270 1981 am
288 1943 385 1980 lacte
403 1943 602 1992 depulsum
619 1943 778 1985 leonem,

233 1996 361 2034 Dente
379 2008 478 2034 novo
495 1996 675 2046 peritura,
695 1995 792 2034 vidit
810 2009 820 2039 ;

127 2048 268 2087 Videre
287 2049 446 2087 Rhaetis
463 2050 562 2087 bella
581 2051 650 2087 sub
670 2049 831 2099 Alpibus

129 2102 299 2141 Drusum
319 2108 514 2152 gerentem
532 2103 748 2150 Vindelici3
775 2103 913 2152 quibus

179 2157 264 2194 Mos
282 2157 384 2194 unde
402 2156 587 2195 deductus
605 2170 672 2206 per
690 2168 801 2195 omne

237 2210 402 2260 Tempus
420 2210 627 2248 Amazonia
645 2212 766 2249 secur-i

126 2263 292 2302 Dextras
311 2264 492 2311 obarmet,
513 2276 692 2314 quaerere
710 2261 864 2302 distuli:

121 2317 203 2355 Nec
223 2317 316 2355 scire
334 2316 389 2355 fas
408 2321 465 2355 est
484 2318 620 2356 omnia.
679 2317 754 2355 Sed
773 2315 840 2353 diu

177 2370 347 2419 Lateque
365 2370 537 2409 victrices
556 2376 742 2417 catervae,

232 2423 411 2464 Consiliis
427 2424 579 2474 juvenis
596 2425 774 2473 revictae,

577 2478 614 2516 G

1181 161 1231 201 73

1179 270 1230 310 10

1171 806 1222 843 20

1158 1675 1214 1712 ‹10

1157 1943 1204 1980 15
