1475 2712
76 174 155 226 111.]
600 182 720 210 usn,
1192 173 1240 209 50

130 280 320 318 Innumeri
336 279 431 317 circa
452 282 623 327 stantque
642 278 825 327 silentque
843 277 923 315 viri.
1164 277 1242 316 360

80 334 195 372 Ortus
214 338 293 371 erat
311 345 454 371 summo
473 331 730 370 tantummodo
749 332 916 380 margine
936 331 1096 370 Phoebus
1112 345 1120 368 :

132 387 307 425 Sollicitae
327 391 467 424 mentes
480 398 615 435 speque
632 390 805 432 metuque
823 390 970 434 pavent.

87 440 275 485 Constitit,
296 444 406 487 atque
423 443 533 488 eaput
551 439 659 476 niveo
677 438 819 475 velatus
838 439 973 476 amictu

131 494 217 531 Jam
235 494 329 531 bene
348 493 405 529 dis
423 497 530 530 notas
549 491 699 529 sustulit
718 491 779 528 ille
796 503 938 529 manus.

80 547 205 595 Atque
223 547 286 592 ita,
305 547 465 594 Tempus
484 545 589 583 adest
606 557 650 594 pl
652 557 774 582 omisffl
792 545 966 592 muneris,
986 545 1119 614 inquit.
1164 544 1239 583 365
1232 560 1240 578 ν

134 600 340 638 Pollicitam
358 599 476 644 dictis,
496 598 657 647 Jupiter,
680 598 775 635 adde
791 598 913 635 fidem.

80 653 184 691 Dum
201 654 375 702 loquitur,
391 657 512 690 totum
525 651 603 700 jam
623 652 677 688 sol
692 656 891 689 emerserat
909 652 1047 698 orbem,

135 707 185 745 Et
202 707 325 756 gravis
343 706 498 745 aetherio
512 705 614 743 venit
634 706 681 742 ab
700 717 769 742 axe
786 705 922 753 fragor.

81 759 157 798 Ter
174 760 298 798 tonuit
317 759 395 797 sine
413 759 512 796 nube
530 759 632 803 deus,
652 759 725 796 tria
741 758 891 806 fulgura
910 758 1020 797 misit.

133 813 283 852 Credite
302 813 439 851 dicenti
459 826 467 857 ;
497 813 600 858 mira,
621 812 786 850 sed-acta
799 812 943 860 loquor.
1165 816 1241 855 370

79 866 115 903 A
135 867 255 904 media
273 867 404 904 coelum
422 866 575 915 regione
593 866 782 903 dehiscere
800 866 909 915 coepit
930 879 938 902 :

133 920 341 958 Submisere
360 919 485 957 oculos
504 932 588 957 cum
606 919 701 956 duce
719 919 829 956 turba
848 931 943 956 suos.

86 973 182 1011 Ecce
201 973 273 1010 levi
292 979 436 1011 scutum
452 977 637 1011 versatum
655 973 789 1010 leniter
807 985 896 1010 aura

132 1026 298 1064 Decidit.
353 1027 388 1063 A
407 1026 544 1076 populo
564 1026 701 1063 clamor
721 1026 768 1062 ad
787 1030 886 1063 astra
904 1026 1017 1065 venit.

85 1079 201 1117 Tollit
219 1080 332 1117 humo
352 1092 497 1124 munus,
517 1092 611 1117 caesa
630 1079 730 1128 prius
749 1079 811 1116 ille
824 1079 998 1128 juvenca,
1166 1083 1240 1123 375

133 1133 227 1178 Quae
244 1133 397 1171 dederat
415 1133 508 1170 nulli
530 1133 624 1171 colla
642 1133 842 1182 premenda
855 1132 961 1182 jugo.

80 1184 199 1235 quue
219 1186 334 1224 ancile
350 1192 468 1232 vocat,
489 1187 590 1235 quod
609 1187 655 1223 ad
676 1186 776 1223 omni
793 1192 898 1235 parte
917 1187 1072 1224 recisum
1087 1195 1141 1228 est
1162 1205 1171 1235 3

133 1240 287 1288 Quaque
300 1245 408 1277 notes
426 1240 552 1285 oculis,
569 1240 728 1288 angulus
747 1240 866 1276 omnis
886 1241 1005 1278 abest.

84 1293 192 1340 Tum,
211 1306 351 1330 memor
364 1293 509 1342 imperii
528 1299 661 1330 sortem
682 1293 881 1331 consistere
899 1294 940 1330 in
958 1294 1033 1341 illo,

133 1346 337 1385 Consilium
354 1347 480 1384 multae
499 1347 709 1385 calliditatis
723 1347 804 1384 init.
1165 1352 1242 1389 380

82 1399 195 1438 Plura
207 1400 317 1449 jubet
333 1400 413 1437 fieri
431 1400 541 1437 simili
556 1400 687 1438 eaelata
700 1401 831 1449 figura,

136 1454 251 1491 Error
269 1458 312 1491 ut
331 1458 417 1492 ante
436 1453 563 1491 oculos
582 1454 791 1491 insidiantis
811 1457 881 1491 eat.

83 1507 300 1552 Mamurius,
318 1520 460 1544 morum
479 1507 642 1544 fabraene
658 1507 825 1545 exactior
840 1508 940 1554 artis,

134 1560 295 1598 Difficile
313 1566 368 1598 est
386 1561 453 1598 ulli
467 1560 601 1605 dicere,
621 1561 753 1599 clausit
771 1573 874 1610 opus.

81 1614 152 1652 Cui
171 1614 295 1652 Numa
313 1614 521 1660 munificus,
542 1614 646 1652 Facti
665 1621 750 1663 pete
768 1615 931 1664 praemia,
953 1616 1049 1656 dixit
1069 1631 1076 1655 :
1161 1619 1237 1657 385

135 1667 175 1705 Si
192 1680 273 1704 mea
291 1673 381 1706 nota
399 1668 502 1711 fides,
522 1668 627 1705 irrita
645 1669 747 1705 nulla
769 1673 884 1717 petes.

82 1721 108 1758 J
110 1734 167 1758 am
189 1721 343 1759 dederat
364 1721 470 1759 Saliis
486 1721 525 1770 (a
545 1721 640 1759 saltu
660 1722 811 1758 nomina
829 1722 988 1774 ducunt)

137 1774 338 1824 Armaque,
358 1779 396 1812 et
415 1775 463 1812 ad
482 1780 604 1812 certos
623 1776 736 1812 verba
755 1776 923 1813 canenda
941 1778 1085 1815 modos.

85 1826 183 1865 Tum
201 1828 254 1865 sic
274 1829 482 1866 Mamurius
501 1842 508 1866 :
539 1829 682 1866 Merces
698 1829 788 1865 mihi
807 1829 926 1877 gloria
945 1830 1066 1878 detur,

137 1882 372 1930 Nominaque
390 1887 554 1920 extremo
573 1882 735 1918 carmine
753 1888 882 1920 nostra
897 1890 1043 1923 sonent.
1166 1888 1243 1926 390

84 1934 177 1972 Inde
195 1935 403 1973 sacerdotes
423 1935 524 1984 operi
542 1935 719 1984 promissa
730 1941 878 1974 vetusto

135 1988 292 2025 Praemia
309 1989 535 2037 persolvunt,
553 1989 851 2038 Mamuriumque
865 1996 1013 2029 vocant.

83 2042 234 2078 Nubere
250 2042 280 2079 si
299 2054 371 2090 qua
389 2042 500 2087 voles,
521 2043 687 2091 quamvis
705 2043 949 2092 properabiffis
969 2045 1089 2089 ambo,

136 2095 255 2132 Differ
275 2108 284 2132 ε
313 2095 452 2133 habent
469 2108 591 2144 parvae
609 2097 801 2133 commoda
818 2109 953 2146 magna
970 2111 1094 2138 morae.

83 2146 200 2185 Arma
217 2154 368 2186 movent
385 2160 560 2198 pugnam,
581 2162 707 2199 pugna
727 2154 783 2188 est
802 2150 923 2188 aliena
941 2152 1093 2192 maritis.
1166 2154 1243 2194 395

137 2202 297 2240 Condita
315 2214 398 2239 cum
415 2202 564 2248 fuerint,
583 2203 704 2253 aptius
723 2216 832 2241 omen
850 2204 934 2242 erit.

85 2254 158 2292 His
176 2255 288 2293 etiam
307 2255 444 2305 conjux
462 2256 597 2306 apicati
615 2257 737 2295 cincta
755 2256 876 2295 Dialis

135 2308 299 2347 Lucibus
315 2309 478 2359 impexas
495 2310 607 2348 debet
623 2310 760 2348 habere
778 2323 912 2349 comas.

87 2401 215 2440 Tertia
232 2414 308 2440 nox
322 2414 462 2441 emersa
481 2415 566 2441 suos
585 2402 649 2440 ubi
668 2402 826 2441 moverit
843 2403 960 2452 ignes,

136 2455 320 2496 Conditus
339 2468 360 2495 e
377 2456 534 2507 geminis
553 2456 725 2495 Piscibus
745 2456 839 2495 alter
856 2457 938 2496 erit.
1170 2462 1246 2500 400
