1414 2666
187 151 238 187 44
584 160 618 186 P.
648 159 773 186 ovrnn
800 158 961 185 NAsoms
1259 147 1354 199 [ΠΒ.Ι

191 259 265 296 Sed
285 257 422 302 tremit,
445 262 487 294 ut
506 256 694 304 quondam
714 256 868 294 stabulis
887 256 1070 305 deprensa
1086 254 1237 301 relictis,

242 312 362 349 Parva
381 311 449 348 sub
467 310 603 348 infesto
621 323 705 347 cum
718 310 822 359 jacet
839 322 937 359 agna
953 309 1056 358 lupo.
1294 312 1371 349 800

188 366 292 411 Quid
309 366 421 402 faciat
440 364 458 401 ἓ)
486 369 626 413 pugnet
643 364 663 401 ἱ)
689 364 860 402 vincetur
877 362 1026 400 foemina
1042 374 1182 412 pugna.

241 420 386 457 Clamet
400 418 419 455 P
447 422 485 455 at
503 417 543 454 in
562 417 704 463 dextra,
725 417 789 467 qui
807 422 927 463 necet,
947 415 1045 453 ensis
1065 416 1182 456 adest.

190 474 357 522 Effugiat
375 472 394 510 ἱ)
422 471 551 520 positis
567 478 748 520 urgentur
765 476 918 520 pectora
935 469 1079 520 palmis,

243 528 356 564 Nunc
373 526 534 576 primum
553 531 708 563 externa
725 529 877 575 pectora
895 528 996 562 tacta
1014 535 1140 562 manu.

192 581 313 619 Instat
333 592 459 617 amans
477 578 595 618 hostis
613 579 796 628 precibUS‚
816 579 1022 628 pretioque,
1036 577 1221 627 minisque
1241 593 1249 617 :
1289 579 1363 617 805

242 636 323 671 Nec
343 646 462 683 prece,
480 645 549 669 nec
568 633 700 682 pretio,
721 645 790 669 nec
808 636 934 670 movet
948 631 1012 668 ille
1031 630 1152 670 minis.

192 689 256 726 Nil
276 689 355 737 agis
376 701 384 731 ;
415 686 579 734 eripiam,
601 687 708 732 dixit,
729 698 797 736 pro
816 686 969 723 crimine
988 684 1126 722 vitam:

245 743 376 779 Falsus
395 740 569 778 adulterii
588 740 695 778 testis
713 739 861 776 adulter
880 739 964 777 erit.

188 797 402 835 Interimam
420 794 610 839 famulum,
631 806 716 831 cum
736 805 809 842 quo
829 793 1012 842 deprensa
1031 791 1172 831 fereris.

243 848 448 888 Succubuit
466 847 572 884 famae
592 847 691 885 victa
707 847 831 896 puella
848 851 964 884 metu.
1276 849 1355 887 810

191 904 295 951 Quid
313 903 433 940 victor
452 900 593 950 gaudes
605 901 624 938 Ξ)
651 901 731 938 haec
749 905 788 939 te
806 900 962 938 victoria
979 901 1126 950 perdet.

238 958 328 995 Heu
347 960 486 1005 quanto
505 954 630 1004 regnis
648 967 725 991 nox
743 954 848 993 stetit
866 966 942 991 una
960 956 1034 994 tuis
1057 955 1066 993 !

188 1014 347 1060 Jamque
366 1015 447 1047 erat
465 1013 547 1046 orta
566 1009 644 1046 dies
660 1022 669 1046 ε
698 1009 813 1058 passis
832 1008 938 1046 sedet
954 1009 1019 1047 ina-
1036 1009 1188 1059 capillis,

244 1067 299 1104 Ut
318 1065 413 1102 solet
432 1063 480 1100 ad
498 1062 579 1100 nati
597 1067 716 1101 mater
733 1063 833 1100 itura
852 1074 997 1111 rogum.

190 1119 519 1166 Grandaevumque
536 1121 681 1166 patrem
699 1116 775 1154 fido
794 1129 879 1154 cum
898 1117 1057 1167 conjuge
1073 1119 1202 1158 castris
1283 1118 1359 1156 815

245 1174 388 1212 Evocat
409 1185 417 1209 ε
448 1175 486 1209 et
501 1170 623 1220 posita
641 1170 744 1208 venit
758 1176 916 1219 uterque
934 1183 1050 1211 mora.

190 1230 317 1277 thue
334 1226 465 1264 vident
481 1224 652 1262 habitum
671 1237 680 1269 ;
710 1236 791 1273 quae
810 1224 933 1262 luctus
952 1237 1073 1273 causa,
1093 1227 1290 1275 requirunt
1309 1240 1318 1263 z

242 1282 313 1319 Cui
330 1284 436 1330 paret
454 1278 655 1326 exsequias,
676 1290 795 1326 quove
813 1278 861 1316 sit
877 1278 952 1316 icta
969 1280 1078 1318 malo.

190 1338 260 1375 Illa
274 1336 339 1373 diu
353 1333 496 1378 reticet,
516 1332 810 1382 pudibundaque
829 1332 925 1370 celat
944 1334 1081 1372 amictu

242 1390 320 1428 Ora
340 1402 349 1426 t
378 1388 501 1424 fluunt
519 1387 692 1435 lacrymae
711 1398 813 1422 more
832 1386 1005 1435 perennis
1024 1399 1140 1437 aquae.
1283 1387 1360 1424 820

187 1445 290 1484 Hinc
307 1447 427 1492 pater,
446 1440 534 1477 hinc
553 1439 690 1488 conjux
706 1439 889 1489 lacrymas
907 1440 1086 1487 solantur,
1108 1447 1146 1480 et
1164 1446 1286 1488 orant,

241 1497 387 1535 Indicet
403 1509 412 1533 :
442 1500 480 1533 et
495 1505 593 1531 caeco
611 1494 776 1542 flentque
795 1498 1007 1542 paventque
1024 1499 1140 1533 metu.

190 1554 263 1591 Ter
283 1554 416 1589 conata
429 1547 532 1598 loqui
553 1560 562 1592 3
590 1552 646 1585 ter
666 1547 811 1584 destitit
831 1560 840 1584 τ
870 1560 1032 1598 ausaque
1051 1553 1195 1598 quartO,

240 1606 330 1643 Non
350 1603 476 1641 oculos
496 1602 589 1639 adeo
609 1601 761 1639 sustulit
780 1600 844 1638 illa
863 1614 959 1639 suos.

186 1661 272 1698 Hoc
292 1670 437 1708 quoque
458 1655 660 1704 Tarquinio
680 1654 895 1692 debebimus
909 1656 928 1694 ἰ)
947 1656 1110 1706 eloquar,
1130 1657 1261 1705 inquit,
1279 1656 1354 1695 825

239 1714 406 1762 Eloquar
424 1710 553 1748 infelix
573 1709 734 1746 dedecus
747 1708 827 1758 ipsa
844 1721 980 1747 meum.

186 1770 354 1817 Quaeque
373 1769 496 1815 potest
511 1767 651 1800 narrat.
705 1762 916 1802 Restabant
935 1766 1066 1805 ultima
1085 1780 1094 1811 ;
1122 1765 1235 1811 flevit,

239 1822 290 1860 Et
308 1818 531 1858 matronales
550 1817 731 1855 erubuere
749 1829 868 1865 genae.

187 1878 293 1914 Dant
311 1874 456 1912 veniam
475 1872 573 1909 facto
592 1871 741 1919 genitor
760 1870 971 1920 conjuxque
989 1879 1133 1913 coacto.

239 1930 374 1975 Quam,
390 1926 497 1971 dixit,
517 1924 663 1962 veniam
681 1937 746 1961 vos
765 1924 872 1971 datiS,
892 1926 972 1975 ipsa
989 1941 1098 1978 nego.
1277 1929 1354 1968 830

187 1985 267 2021 Nec
285 1994 389 2020 mora
409 1995 418 2018 ε
447 1979 567 2016 celato
585 1978 668 2027 figit
685 1991 751 2015 sua
769 1982 920 2027 pectora
937 1980 1035 2020 ferro
1054 1997 1063 2027 ;

238 2037 290 2075 Et
308 2035 410 2074 cadit
427 2034 466 2071 in
477 2032 618 2083 patrios
636 2032 922 2081 sanguinolenta
938 2035 1062 2083 pedes,

184 2092 294 2129 Tunc
313 2101 469 2139 quoque,
483 2087 563 2136 jam
581 2087 753 2132 moriens,
773 2099 821 2124 ne
838 2099 915 2124 non
933 2092 1154 2137 procumbat
1171 2092 1326 2130 honeste

239 2143 419 2193 Respicit.
443 2151 446 2154 ·
474 2141 569 2178 Haec
589 2141 701 2178 etiam
719 2154 808 2178 cura
826 2141 992 2180 cadentis
1010 2150 1101 2183 erat.

187 2199 284 2236 Ecce
304 2209 414 2246 super
432 2208 566 2244 corpus
585 2195 794 2232 communia
813 2195 948 2233 damna
964 2207 1168 2246 gementes,
1275 2199 1350 2238 835

240 2251 360 2290 Obliti
380 2249 534 2295 decoris,
555 2249 682 2297 vir-que
701 2254 879 2299 paterque
891 2251 1031 2300 jacent.

187 2306 328 2344 Brutus
347 2305 476 2348 adest;
506 2303 732 2352 tandemque
746 2303 868 2340 animo
887 2317 953 2342 sua
971 2307 1122 2345 nomina
1139 2306 1257 2344 fallit·

239 2359 406 2408 Fixaque
425 2356 615 2395 semanimi
630 2369 783 2406 corpore
801 2357 876 2396 tela
893 2358 1002 2408 rapit

186 2413 474 2462 Stillantemque
491 2416 623 2449 tenens
641 2423 822 2460 generoso
840 2412 1021 2462 sanguine
1039 2414 1211 2460 cultrum,
