1414 2666
76 206 127 244 54
369 207 414 244 P.
445 205 694 245 VIRGILII
724 208 985 248 MARONIS
1156 209 1266 262 [Lus.

73 311 213 361 Lydia,
233 325 304 350 nec
324 313 455 362 populi
476 313 708 352 Parthorum
728 320 794 352 aut
814 313 955 352 Medus
976 314 1177 365 Hydaspes

76 364 311 403 Observant.
368 367 476 414 Rege
495 367 690 413 incolumi,
711 381 820 406 mens
839 370 1018 406 omnibus
1038 382 1114 407 una
1133 376 1209 413 θεῖς

73 417 243 464 Amisso,
264 432 405 469 rupere
424 421 549 465 fidem,
571 428 866 470 constructaque
887 422 1000 460 mella

72 471 285 521 Diripuere
304 474 412 522 ipsae,
432 480 469 510 et
489 480 613 511 crates
632 475 781 512 solvere
800 476 988 512 favorum.

72 524 147 562 Ille
166 538 326 575 operum
345 533 491 570 custos3
510 528 620 564 illum
640 529 892 571 admirantur,
914 535 952 566 et
972 541 1104 566 omnes
1186 531 1270 567 215·

75 577 342 616 Circumstant
360 580 517 617 fremitu
537 581 665 626 denso,
687 583 909 631 stipantque
928 582 1167 632 frequentes3

71 630 127 668 Et
146 644 244 681 saepe
264 633 456 670 adtollunt
476 634 659 677 humeris,
683 642 719 671 et
739 649 899 684 corpora
919 636 1019 672 bello

74 684 292 733 ObJectant,
314 687 591 736 pulchramque
610 695 748 736 petunt
767 701 835 737 per
856 689 1016 726 vulnera
1034 695 1211 726 mortem.

127 738 203 776 His
224 740 382 788 quidam
401 741 536 789 signis,
558 749 673 789 atque
693 742 772 778 haec
792 742 970 790 exempla
988 743 1121 787 secuti,

72 790 171 829 Esse
190 794 327 841 apibus
347 800 497 842 partem
517 795 659 831 divinae
680 795 820 832 mentis
840 802 877 832 et
898 795 1058 832 haustus
1175 791 1268 833 220

71 844 274 883 AEtherios
293 847 446 889 dixere,
466 847 594 884 Deum
614 860 779 895 namque
797 847 941 897 ire'per
960 861 1093 885 omnes

72 898 291 948 Terrasque
310 906 532 948 tractusque
552 901 670 937 maris
689 902 904 950 coelumque
923 901 1176 950 prosundum3

70 950 178 989 Hinc
197 953 379 1001 pecudes,
396 960 581 998 armenta,
602 954 717 998 viros,
739 967 863 1003 genus
883 968 995 992 omne
1013 955 1196 1000 ferarum,

72 1003 275 1054 Quemque
294 1006 370 1044 sibi
389 1013 524 1044 tenues
543 1014 763 1045 nascentem
783 1021 977 1045 arcessere
996 1009 1117 1053 vitas-3

72 1057 230 1096 Scilicet
249 1059 325 1097 huc
345 1060 454 1097 reddi
475 1061 615 1097 deinde
635 1073 678 1098 ac
699 1062 867 1098 resoluta
886 1061 1022 1098 referri
1185 1064 1268 1099 225*

72 1110 232 1157 Omnia3
250 1125 320 1150 nec
339 1113 455 1150 morti
475 1126 557 1151 esse
576 1114 714 1158 locum,
739 1116 804 1152 sed
824 1116 915 1152 viva
935 1116 1064 1153 volare

71 1163 217 1203 Sideris
236 1166 277 1203 in
297 1179 513 1213 numerum,
534 1175 650 1215 atque
668 1168 746 1205 alto
765 1169 971 1206 succedere
988 1170 1095 1206 coelo.

126 1217 169 1256 Si
189 1220 345 1268 quando
361 1221 492 1258 sedem
510 1228 713 1270 angustam
734 1228 964 1270 servataque
985 1223 1098 1259 mella

71 1271 283 1310 Thesauris
301 1274 455 1318 relines,
476 1275 586 1323 prius
606 1275 746 1311 haustu
768 1288 923 1323 sparsus
941 1288 1129 1324 aquarum

71 1324 152 1363 Ora
170 1325 271 1371 fove,
292 1325 495 1375 fumosque
515 1340 633 1365 manu
653 1329 849 1375 praetende
869 1342 1061 1377 sequaces.
1185 1331 1266 1367 230

69 1378 141 1415 Bis
158 1380 344 1428 gravidos
363 1387 507 1429 cogunt
526 1381 640 1425 fetus,
662 1382 737 1417 duo
757 1387 931 1430 tempora
951 1383 1101 1420 messis:

70 1431 247 1482 Taygete
266 1433 383 1470 simul
402 1446 443 1472 os
463 1435 578 1471 terris
597 1435 765 1471 ostendit
784 1435 989 1472 honestum

68 1484 211 1531 Pleias,
234 1492 273 1523 et
292 1486 438 1524 Oceani
455 1494 604 1535 spretos
623 1488 719 1536 pede
739 1489 883 1537 repulit
902 1501 1053 1533 amnes3

67 1537 155 1576 Aut
175 1539 309 1577 eadem
327 1540 435 1578 sidus
454 1541 609 1589 fugiens
629 1542 696 1578 ubi
716 1541 842 1579 Piscis
861 1543 995 1591 aquosi

70 1591 240 1630 Tristior
258 1593 441 1632 hibernas
461 1595 556 1632 coelo
577 1595 777 1632 descendit
796 1596 836 1630 in
858 1596 990 1632 undas.
1184 1598 1265 1635 235

67 1645 154 1683 Illis
172 1646 232 1684 ira
249 1647 406 1684 modum
426 1659 545 1697 supra
562 1655 631 1693 est,
652 1649 828 1697 laesaeque
850 1661 1041 1686 venenum

68 1698 269 1737 Morsibus
287 1700 492 1749 inspirant,
511 1708 550 1739 et
570 1702 719 1750 spicula
736 1714 837 1739 caeca
855 1702 1081 1751 relinquunt

68 1751 225 1790 Adfixae
245 1754 366 1800 venis,
388 1755 612 1804 animasque
631 1755 672 1791 in
695 1756 849 1793 volnere
870 1762 1032 1804 ponunt-

71 1805 143 1843 Sin
162 1806 299 1844 duram
318 1813 466 1845 metues
485 1809 652 1845 hiemem
673 1821 882 1857 parcesque
901 1809 1048 1855 futuro,

68 1856 339 1908 Contusosque
357 1861 506 1898 animos
525 1868 563 1898 et
582 1874 644 1898 res
662 1862 896 1899 miserabere
915 1862 1072 1900 fractas:
1182 1865 1264 1900 240

67 1910 126 1949 At
144 1912 275 1951 suffire
296 1914 431 1962 thymo
451 1927 634 1963 cerasque
654 1915 826 1952 recidere
844 1915 979 1953 inanes

70 1963 168 2011 Quis
187 1966 360 2004 dubitet?
417 1967 520 2004 Nam
540 1980 639 2016 saepe
659 1967 769 2005 favos
788 1969 944 2016 ignotus
963 1970 1092 2007 adedsit

69 2016 216 2066 Stellio,
236 2026 275 2057 et
292 2020 479 2069 lucifugis
496 2028 680 2069 congesta
698 2022 840 2059 cubilia
859 2023 1002 2068 blattis,

66 2071 336 2121 Immunisque
355 2075 491 2111 sedens
510 2075 635 2112 aliena
654 2075 700 2111 ad
720 2075 861 2124 pabula
879 2076 1009 2120 fucus3

66 2123 152 2162 Aut
171 2138 283 2175 asper
301 2128 437 2165 crabro
456 2128 669 2177 imparibus
689 2141 730 2165 se
749 2129 960 2166 immiscuit
977 2131 1106 2174 armis,
1179 2131 1257 2167 245

66 2176 153 2216 Aut
167 2179 307 2224 dirum,
327 2181 454 2226 tineae,
472 2194 614 2230 genus:
634 2188 700 2219 aut
719 2182 846 2220 invisa
865 2181 1057 2220 Minervae

66 2230 195 2269 Laxos
213 2232 255 2269 in
274 2232 424 2271 foribus
443 2236 642 2284 suspendit
662 2248 801 2273 aranea
821 2249 957 2274 casses.

70 2283 159 2331 Quo
177 2287 300 2335 magis
319 2288 518 2325 exhaustae
538 2288 694 2334 fuerint,
716 2289 788 2326 hoc
807 2290 934 2327 acrius
952 2302 1084 2328 omnes

67 2337 301 2379 Incumbent
319 2342 473 2389 generis
493 2342 591 2392 lapsi
611 2343 754 2380 sarci-re
773 2343 918 2387 ruinas,

69 2390 404 2444 Complebuntque
424 2394 537 2441 foros,
559 2402 598 2433 et
616 2396 776 2434 floribus
795 2397 933 2434 horrea
953 2403 1100 2435 texent.
1175 2397 1256 2434 250
