1414 2666
170 172 219 210 14

628 182 841 210 CARMINUM
858 181 886 209 1.

281 278 441 317 Nosces.
499 277 600 315 Ecce
620 279 702 316 surit
721 285 756 316 te
774 278 935 328 reperire
954 283 1060 314 atrox

392 331 564 382 Tydides,
585 333 710 370 melior
727 339 829 382 patre
845 343 854 369 z

279 385 402 431 Quem
423 393 473 432 tu,
494 398 625 423 cervus
644 386 694 422 uti
714 387 817 423 vallis
836 385 872 421 in
893 385 1003 422 altera

279 439 412 476 Visum
432 446 531 490 parte
547 440 675 489 lupum
695 440 865 488 graminis
883 439 1090 484 immemor,

280 493 434 530 Sublimi
449 492 561 543 fugies
581 494 697 531 mollis
717 492 894 539 anhelitu,

389 546 475 585 Non
497 547 569 584 hoc
588 547 769 597 pollicitus
787 553 887 584 tuae.

280 598 463 638 Iracunda
481 600 578 638 diem
598 600 752 651 proferet
775 600 851 647 llio,

286 653 538 703 Matronisque
557 654 756 704 Phrygum,
777 655 902 691 classis
924 651 1106 691 Achillei:

277 707 362 744 Post
381 714 498 745 certas
518 707 659 746 hiemes
680 715 757 745 uret
776 706 972 745 AchaIcus

387 761 489 810 Ignis
508 762 728 811 Pergameas
747 761 892 799 domos.

513 864 602 904 One
633 865 1019 905 XV1.—-Palin0d2·a.

283 969 316 1002 Ο
339 979 484 1006 MATRE
505 968 661 1018 pulchra
682 969 755 1006 filia
774 968 973 1018 pulchrior,

282 1022 406 1068 Quem
425 1023 629 1060 criminosis
647 1035 807 1072 cumque
825 1023 926 1060 voles
945 1019 1095 1060 modum

334 1076 453 1113 Pones
472 1076 604 1113 iambis
620 1088 630 1123 3
659 1078 737 1114 sive
752 1076 919 1121 flamma,

396 1128 481 1166 Sive
500 1131 590 1167 mari
610 1130 696 1168 libet
719 1129 921 1168 Hadriano.

284 1182 370 1219 Non
392 1182 640 1233 Dindymene,
661 1196 733 1220 non
754 1183 870 1233 adytis
889 1183 1005 1232 quatit

285 1236 453 1274 Mentem
475 1237 707 1274 sacerdotum
727 1238 844 1274 incola
867 1236 1031 1286 Pythius,

331 1290 421 1328 Non
445 1290 551 1328 Liber
570 1303 700 1340 aeque,
720 1303 791 1327 non
813 1297 923 1327 acuta

394 1344 455 1381 Sic
474 1346 659 1394 geminant
678 1344 906 1394 Corybantes
924 1355 1009 1381 aera
1029 1356 1040 1392 3

285 1397 420 1435 Tristes
439 1408 476 1435 ut
494 1400 567 1435 irae
584 1410 592 1435 :
623 1411 715 1448 quas
727 1410 847 1448 neque
865 1397 1026 1435 Noricus

287 1450 451 1488 Deterret
469 1452 580 1498 ensis,
602 1463 671 1489 nec
692 1465 792 1489 mare
812 1450 1041 1500 naufragum,

335 1504 419 1543 Nec
438 1518 572 1543 saevus
590 1506 691 1554 ignis,
711 1517 781 1542 nec
799 1504 986 1542 tremendo

391 1558 535 1609 Jupiter
553 1560 629 1609 ipse
652 1572 760 1596 ruens
772 1559 943 1597 tumultu.

286 1611 415 1649 Fertur
429 1612 667 1650 Prometheus
685 1613 818 1650 addere
838 1611 990 1662 principi

287 1665 392 1703 Limo
405 1673 556 1704 coactus
576 1667 789 1716 particulam
810 1665 971 1714 undique

340 1719 553 1767 Desectam,
572 1727 608 1757 et
622 1721 739 1757 insani
760 1721 875 1758 leonis

397 1774 478 1811 Vim
501 1774 692 1812 stomacho
712 1774 927 1826 apposuisse
946 1778 1076 1810 nostro.

288 1827 368 1865 Irae
388 1827 573 1878 Thyesten
594 1829 707 1865 exitio
725 1828 824 1877 gravi

287 1881 475 1928 Stravere3
506 1889 543 1919 et
560 1882 640 1919 altis
659 1882 809 1919 urbibus
823 1880 973 1918 ultimae

346 1935 483 1974 Stetere
502 1947 652 1982 causae,
673 1948 738 1972 cur
757 1936 911 1985 perirent

394 1989 588 2034 Funditus,
608 1989 903 2038 imprimeretque
925 1989 1036 2025 muris

289 2043 430 2081 Hostile
450 2050 608 2081 aratrum
624 2044 808 2080 exercitus
827 2042 998 2079 insolens.

291 2098 500 2147 Compesce
520 2105 695 2136 mentem.
756 2097 821 2134 Me
840 2108 986 2146 quoque
1007 2094 1162 2145 pectoris

343 2151 515 2189 Tentavit
528 2152 564 2188 in
583 2152 679 2189 dulci
695 2149 852 2200 juventa

399 2205 428 2242 F
430 2218 546 2252 ervor,
563 2211 599 2242 et
616 2207 652 2244 in
675 2205 812 2242 celeres
829 2203 972 2241 iambos

292 2259 393 2297 Misit
410 2260 593 2298 furentem
614 2273 623 2298 ε
651 2271 751 2296 nunc
768 2271 835 2307 ego
854 2257 1001 2295 mitibus

291 2313 435 2351 Mutare
456 2326 590 2364 quaero
609 2314 720 2351 tristia
741 2325 751 2359 3
780 2313 869 2349 dum
888 2310 975 2348 mihi

342 2368 425 2406 Fies
450 2369 642 2405 recantatis
657 2367 780 2406 amica
1024 2389 1026 2391 -

395 2422 619 2471 Opprobriis,
639 2422 877 2469 animumque
890 2417 1034 2457 reddas.

1309 436 1359 473 30

1309 702 1359 740 35

1321 1449 1364 1485 10

1310 1986 1361 2023 20

1311 2255 1362 2292 25
