1414 2666
136 172 184 209 10
595 182 787 210 anemos
805 181 835 209 1.

151 280 258 317 iente
272 280 341 317 sub
359 280 568 324 Hectorea余
596 280 715 318 donec
733 279 862 328 regina
881 278 1062 325 sacerdos,

133 333 256 371 Marte
273 335 407 382 gravis.
427 334 608 384 geminam
631 344 738 383 partu
758 335 862 371 dabit
883 333 950 370 nia
970 333 1122 382 prolem.

132 385 236 432 Inde,
252 386 361 437 lupae
379 389 479 425 fulvo
497 388 650 425 nutricis
668 388 832 436 tegmine
850 388 977 424 laetus.

134 440 316 478 Romuius
336 443 494 491 excipiet
511 447 672 489 gentem,
693 451 730 479 et
751 441 930 478 Mavortia
951 439 1087 478 condet
1214 440 1291 479 280

133 494 292 538 Moenia,
316 495 580 544 Romanosque
599 508 666 532 suo
685 496 731 532 de
750 495 899 532 nomine
917 494 1027 531 dicet.

131 547 204 585 His
222 560 292 596 ego
312 562 379 587 nec
400 557 515 586 metas
534 562 668 593 rerum,
691 561 759 585 nec
777 559 957 597 tempora,
979 560 1099 596 pono3

134 601 331 651 Imperium
354 604 431 640 sine
450 604 523 640 fine
540 603 640 639 dedi.
698 603 800 648 Quin
820 614 948 651 aspera
966 602 1082 647 Juuo,

130 655 238 700 Quae
256 669 356 693 mare
375 670 473 694 nunc
487 664 676 706 terrasque
695 663 795 693 metu
814 656 1028 702 coelumque
1044 656 1190 705 fatigat,

133 708 297 746 Consilia
314 711 350 747 in
373 711 499 748 melius
519 710 664 755 referet,
686 722 902 758 mecumque
920 710 1058 746 foxebit
1217 707 1294 746 285

131 762 331 809 Romanos,
352 777 473 802 rerum
493 764 674 808 dominos,
695 770 920 812 gentemque
938 771 1116 811 togatam.

130 816 191 853 Sic
209 817 397 866 placitum.
458 818 601 863 Veniet,
624 818 747 854 lustris
767 816 989 861 labentibus,
1010 823 1122 860 aetas,

131 870 255 914 Quum
276 872 406 908 domus
428 872 597 909 Assaraci
623 871 794 908 Phthiam
815 870 1006 918 clarasque
1030 870 1204 920 Mycenas

131 924 290 961 Servitio
310 931 462 974 premet,
484 939 526 962 ac
546 926 652 962 victis
672 924 923 961 dominabitur
941 923 1062 971 Argis.

130 977 314 1015 Nascetur
331 979 482 1027 pulchra
502 979 686 1028 Trojanus
705 978 849 1026 origine
869 976 1014 1021 Caesar,
1211 973 1290 1015 290

129 1031 327 1080 Imperium
350 1034 511 1077 Oceano,
531 1033 662 1070 famam
683 1032 744 1080 qui
761 1031 933 1068 terminet
951 1029 1071 1074 astris,

128 1085 263 1129 Julius,
285 1099 305 1122 a
325 1099 459 1135 magno
479 1087 676 1123 demissum
697 1097 831 1122 nomen
853 1083 948 1120 Iulo.

128 1138 244 1175 Hune
257 1147 297 1176 tu
322 1141 406 1176 olim
427 1141 540 1183 coelo,
558 1140 682 1189 spoliis
701 1139 854 1175 orientis
873 1146 1058 1182 onustum,

128 1193 298 1241 Accipies
318 1207 466 1231 secura:
497 1195 688 1231 vocabitur
707 1193 767 1229 hic
785 1203 931 1241 quoque
952 1191 1056 1228 votis.

128 1246 271 1295 Aspera
292 1256 367 1284 tuui
390 1249 516 1296 positis
533 1248 726 1284 mitescent
745 1246 889 1282 saecula
909 1244 1036 1285 benis余
1216 1243 1293 1283 295

130 1300 233 1336 Cana
255 1301 373 1345 Fides,
396 1307 433 1338 et
453 1302 580 1347 Vesta,
606 1301 725 1337 Remo
745 1312 827 1336 cum
848 1300 961 1335 fratre
983 1297 1174 1343 Quirinus,

125 1353 220 1390 Jura
239 1355 402 1397 (lacuum
432 1355 534 1392 dirae
552 1355 649 1391 ferro
667 1360 704 1391 et
725 1353 962 1400 compagibus
982 1352 1091 1389 aretis

128 1408 360 1445 claudentur
383 1409 474 1445 Belli
496 1417 646 1458 portae余
679 1407 797 1444 Furor
816 1407 948 1454 impius
967 1406 1078 1448 intus,

130 1462 246 1498 Saeva
264 1463 395 1498 sedens
415 1476 524 1511 super
544 1475 655 1506 arma,
676 1469 713 1498 et
733 1468 880 1497 centum
904 1460 1049 1496 vinctus
1068 1458 1170 1496 aenis

130 1515 220 1552 Post
240 1524 384 1564 tergum
406 1517 523 1560 nodis,
544 1516 676 1553 fremet
696 1514 867 1551 horridus
886 1526 949 1549 ore
969 1523 1137 1549 cruento.
1209 1512 1289 1551 300

182 1568 288 1605 Haec
307 1570 358 1607 ait
375 1584 382 1607 :
413 1578 450 1607 et
472 1571 570 1607 Maia
584 1570 751 1618 genitum
768 1567 931 1604 demittit
952 1567 998 1602 ab
1017 1567 1107 1611 alto,

132 1621 185 1659 Ut
199 1631 329 1667 terrae,
351 1630 467 1672 utque
485 1636 601 1660 novae
621 1628 773 1671 pateant
794 1620 1032 1668 Carthaginis
1051 1632 1163 1667 arces,

128 1675 304 1725 Hospitio
322 1678 498 1721 Teucris3
529 1690 575 1714 nc
593 1676 659 1713 fati
680 1676 803 1712 nescia
826 1674 926 1710 Dido

136 1729 289 1767 Finibus
302 1739 454 1768 arceret.
512 1731 622 1767 Volat
642 1730 702 1766 iile
721 1741 785 1778 per
804 1731 893 1765 aera
920 1739 1095 1774 magnum

129 1783 302 1832 Remigio
322 1786 482 1828 alarum3
514 1797 556 1822 ac
576 1784 718 1832 Libyae
735 1783 830 1819 citus
845 1781 990 1818 adstitit
1009 1781 1096 1816 oris.
1212 1781 1289 1819 305

130 1836 181 1874 Et
190 1837 268 1886 jam
283 1839 387 1886 jussa
404 1839 514 1881 facit余
544 1846 760 1887 ponuntque
777 1835 912 1872 ferocia
936 1833 1048 1870 Poeni

132 1890 266 1936 Corda,
290 1893 435 1929 volente
454 1893 537 1929 deo.
596 1891 637 1927 ln
657 1890 782 1939 primis
802 1889 931 1937 regina
949 1887 1116 1936 quietum

128 1945 278 1994 Accipit
296 1947 333 1982 in
355 1947 517 1982 Teucros
535 1945 707 1987 animum,
729 1948 963 1990 mentemque
983 1941 1189 1990 benignam.

186 1999 237 2036 At
257 2001 337 2048 pius
358 2001 514 2044 Aeneas,
534 2011 598 2048 per
619 2006 762 2034 noctem
784 1996 939 2045 plurima
957 1994 1119 2041 volvens,

136 2054 187 2092 Ut
201 2053 357 2102 primum
379 2054 442 2091 lux
461 2053 556 2090 alma
572 2053 660 2089 data
677 2059 745 2094 est,
765 2051 877 2091 exire,
898 2049 1070 2096 locosque
1212 2049 1291 2088 310

133 2107 338 2155 Explorare
358 2120 495 2144 novos:
526 2119 615 2155 quas
635 2114 746 2141 vento
766 2103 958 2140 accesserit
977 2114 1071 2145 oras,

136 2160 212 2206 Qui
231 2168 393 2204 teneant,
416 2173 499 2196 nam
519 2160 659 2196 inculta
679 2157 790 2201 videt,
813 2156 1028 2193 hominesne
1048 2156 1205 2203 feraene,

137 2216 324 2260 Quaerere
343 2215 546 2252 constituit.
569 2213 747 2260 sociisque
765 2216 895 2247 exacta
914 2208 1062 2246 referre.

139 2269 300 2305 Classem
322 2268 359 2304 iu
380 2280 546 2304 convexo
564 2278 766 2310 nemorum,
788 2265 856 2301 sub
875 2274 965 2311 rupe
983 2269 1124 2309 cavata,

135 2323 342 2359 Arboribus
357 2322 515 2358 clausam
531 2321 666 2357 circum
683 2326 794 2367 atque
810 2315 1044 2354 horrentibus
1057 2316 1204 2364 umbris,
1213 2317 1290 2356 315

136 2376 285 2412 Occulit
305 2390 313 2412 :
344 2376 420 2424 ipse
439 2388 514 2412 une
531 2375 701 2423 graditur
719 2371 914 2409 comitatus
931 2369 1085 2416 Achate,

145 2430 241 2466 Bina
258 2442 367 2466 manu
389 2429 466 2466 lato
484 2429 647 2478 crispans
665 2425 810 2463 hastilia
828 2425 935 2461 ferro.
