1414 2666
189 155 240 192 34
576 166 611 193 P.
641 167 762 194 ovum
789 167 951 194 NASONIS
1257 157 1352 209 [nm.

244 260 333 298 Plus
352 266 477 300 tamen
496 275 543 300 ex
559 263 632 300 illis
649 263 720 302 iste
737 264 870 312 vigoris
889 263 1013 302 habet.

190 314 230 351 Si
245 327 364 363 genus
383 316 552 364 arguitur
570 319 688 363 vultu,
708 318 748 354 ni
766 318 861 356 fallit
877 317 1013 366 imago,

244 369 378 406 Nescio
398 382 507 419 quem
525 371 629 410 vobis
644 372 807 421 suspicor
819 384 897 408 esse
915 371 1041 408 deum.

189 422 242 458 At
262 423 292 459 si
311 423 392 472 quis
410 429 541 461 vestrae
561 425 652 463 deus
671 431 767 463 esset
786 424 939 474 originis
954 430 1095 470 auctor,

244 475 288 512 In
307 482 384 514 tam
395 478 576 527 praecipiti
594 486 762 541 tempore
777 479 891 516 ferret
910 491 1032 528 opem.
1277 479 1356 517 400

191 528 320 568 Ferret
337 543 445 579 opem
464 539 575 578 certe,
596 534 627 570 si
645 546 722 570 non
740 546 810 582 ope
828 538 946 570 mater
965 537 1102 581 egeret,

239 583 333 628 Quae
352 584 450 622 facta
468 592 523 623 est
542 599 617 624 uuo
636 593 753 625 mater
771 592 810 624 et
828 587 919 623 orba
937 586 1011 623 die.

187 636 289 674 Nata
307 638 426 683 simul,
446 639 610 688 peritura
629 641 747 685 simul,
769 640 877 677 simul
895 641 948 677 ite
966 640 1035 676 sub
1053 639 1172 677 undas

242 690 422 741 Corpora.
478 692 652 732 Desierat
671 706 680 731 ε
709 694 954 742 deposuitque
972 693 1067 730 sinu.

188 744 398 793 Vagierunt
417 746 576 784 clamore
589 748 669 796 pari
688 761 697 786 :
728 747 865 784 sentire
883 752 1046 795 putares.
1281 744 1358 783 405

242 798 296 835 Hi
314 799 474 837 redeunt
492 801 575 837 udis
594 802 632 837 in
652 814 718 838 sua
735 809 835 838 tecta
853 801 969 848 genis.

191 851 360 890 Sustinet
373 853 564 902 impositos
583 867 726 891 summa
743 867 854 891 cavus
873 853 998 891 alveus
1007 853 1130 891 ‘unda.

244 905 332 942 Heu
351 914 531 954 quantum
550 908 617 945 fati
635 921 748 957 parva
766 907 904 945 tabella
922 908 1049 946 vehit!

190 958 265 995 Alv
257 971 331 996 eus
349 960 389 996 in
408 960 496 997 limo
514 962 627 1010 sylvis
647 961 822 1011 appulsus
841 962 976 1010 opacis,

246 1012 444 1051 Paullatim
463 1014 576 1052 fluvio
591 1015 798 1060 deficiente,
819 1011 937 1053 sedet.
1283 1015 1361 1052 410

191 1067 315 1103 Arbor
334 1073 442 1105 erat:
472 1075 667 1107 remanent
695 1070 856 1117 vestigia,
877 1080 1035 1118 quaeque
1053 1074 1207 1108 vocatur

245 1120 409 1157 Rumina
426 1134 526 1159 nunc
544 1123 647 1168 ficus,
668 1123 830 1160 Romula
847 1123 938 1160 ficus
957 1129 1047 1161 erat.

191 1174 307 1212 Venit
326 1175 373 1211 ad
393 1177 580 1224 expositos
600 1177 770 1226 (mirum)
788 1177 877 1226 lupa
895 1176 971 1214 feta
988 1176 1179 1224 gemellos.

248 1228 343 1273 Quis
363 1229 490 1267 credat
507 1231 631 1279 pueris
649 1243 727 1267 non
744 1231 913 1267 nocuisse
930 1229 1044 1267 feram
1064 1229 1084 1268 P

191 1282 280 1318 Non
306 1283 474 1320 nocuisse
501 1296 631 1333 parum
661 1290 750 1327 est3
779 1284 931 1333 prodest
958 1295 1128 1332 quoque:
1158 1296 1249 1333 quos
1276 1282 1365 1331 lupa

349 1337 481 1382 nutrit,
1286 1336 1364 1373 415

245 1389 407 1426 Perdere
427 1396 595 1438 cognatae
616 1391 823 1428 sustinuere
841 1404 984 1428 manus.

194 1442 384 1488 Constitit,
406 1450 444 1480 et
462 1443 580 1480 cauda
594 1444 732 1481 teneris
749 1444 941 1482 blanditur
959 1444 1127 1510 alumnis,

246 1495 296 1533 Et
314 1496 425 1545 fingit
443 1497 574 1545 lingua
592 1510 655 1535 coi
656 1511 747 1547 pora
759 1498 849 1534 bina
868 1511 946 1535 sua.

193 1549 317 1587 Marte
336 1558 434 1587 satos
453 1551 588 1594 scires3
618 1552 729 1589 timor
748 1551 878 1589 abfuit.
936 1551 1064 1589 Ubera
1081 1551 1239 1596 ducunt,

247 1604 327 1641 Nec
347 1604 416 1640 sibi
435 1605 606 1653 promissi
623 1605 730 1642 lactis
749 1605 900 1643 aluntur
919 1618 1003 1655 ope.
1284 1604 1363 1641 420

195 1656 263 1694 Illa
282 1657 364 1695 loco
381 1670 517 1695 nomen
534 1658 632 1704 fecit,
652 1659 755 1696 locus
774 1659 854 1708 ipse
873 1658 1063 1709 Lupercis,

248 1711 391 1761 Magna
410 1712 489 1749 dati
507 1713 636 1750 nutrix
653 1713 805 1761 praemia
823 1713 929 1750 lactis
944 1713 1067 1751 habet.

196 1765 300 1811 Quid
319 1771 421 1803 vetat
440 1767 603 1803 Arcadio
623 1767 742 1804 dictos
755 1779 776 1803 a
793 1775 920 1804 monte
939 1766 1128 1815 Lupercos
1146 1765 1166 1803 ?

261 1819 413 1856 Faunus
432 1820 470 1856 in
489 1820 651 1857 Arcadia
669 1821 806 1869 templa
825 1820 982 1869 Lycaeus
1001 1820 1126 1858 habet.

195 1873 338 1922 Nupta,
359 1873 447 1922 quid
467 1881 657 1922 exspectas
675 1873 694 1910 P
722 1886 799 1910 non
810 1879 853 1911 tu
871 1874 1098 1922 pollentibus
1116 1872 1252 1918 herbis,
1288 1872 1364 1909 425

248 1927 328 1964 Nec
347 1940 467 1977 prece,
488 1939 557 1963 nec
578 1927 722 1975 magico
742 1928 905 1964 carmine
923 1933 1041 1964 mater
1060 1926 1146 1964 eris.

197 1980 339 2030 Excipe
356 1981 525 2019 fecundae
545 1981 730 2029 patienter
748 1981 902 2017 verbeia
920 1981 1062 2018 dextrae
1085 1994 1093 2018 :

248 2034 273 2072 J
276 2047 334 2071 am
353 2047 456 2072 socer
475 2034 593 2083 optati
612 2047 748 2071 nomen
767 2034 920 2072 habebit
939 2035 1009 2072 avi.

196 2089 295 2125 Nam
309 2088 380 2127 fuit
398 2088 463 2126 illa
480 2089 569 2133 dies,
584 2088 677 2124 dura
697 2101 780 2125 cum
800 2094 900 2125 sorte
918 2088 1062 2126 maritae
1271 2124 1273 2128 ,

250 2142 477 2180 Reddebant
496 2142 593 2179 uteri
611 2142 767 2191 pignora
785 2154 868 2178 rara
886 2141 954 2178 sui.
1291 2141 1368 2179 430

199 2196 303 2242 Quid
321 2197 421 2242 mihi,
442 2196 637 2241 clamabat,
656 2195 808 2244 prodest
826 2196 990 2244 rapuisse
1011 2195 1177 2240 Sabinas,

257 2250 442 2287 Romulus
456 2249 476 2287 ἱ)
532 2248 618 2299 (hoc
637 2249 701 2285 illo
720 2254 866 2298 sceptra
880 2254 1033 2287 tenente
1051 2249 1122 2286 fuit
1141 2249 1168 2300 :)

209 2303 248 2341 Si
267 2316 350 2341 mea
366 2317 442 2341 non
461 2303 570 2349 vires,
589 2303 655 2340 sed
673 2303 810 2339 bellum
829 2302 966 2351 injuria
982 2303 1081 2348 fecit,

259 2357 403 2395 Utilius
422 2357 542 2395 fuerat
560 2369 636 2393 non
654 2357 826 2394 habuisse
844 2369 972 2394 nurus.

205 2411 337 2448 Monte
354 2413 421 2448 sub
442 2410 622 2460 Esquilio,
642 2410 768 2448 multis
787 2410 978 2447 ineaeduus
997 2410 1113 2455 anuis,
1292 2408 1369 2445 435
