1414 2666
105 200 156 234 24
406 195 449 233 P.
482 194 730 234 VIRGILII
761 195 1023 234 MARONIS
1187 194 1296 245 [LIB.

105 305 334 341 Pascentem
355 304 489 340 niveos
512 303 674 341 herboso
692 303 851 340 flumine
870 315 1011 353 cycnos
1029 316 1039 345 ;

106 358 197 394 Non
218 358 354 407 liquidi
375 358 559 406 gregibus
575 356 712 402 fontes,
728 370 802 394 non
818 357 994 405 gramina
1013 356 1176 393 deerunt
1194 369 1204 399 ;
1219 356 1298 392 200

106 411 169 456 Et,
193 418 377 458 quantum
398 411 524 458 longis
543 418 703 460 carpent
724 417 898 447 armenta
917 410 1064 454 diebus,

106 464 266 513 Exigua
284 472 435 501 tantum
454 464 605 512 gelidus
625 477 686 501 ros
706 470 818 501 nocte
837 469 1012 512 reponet.

105 518 233 566 Nigra
253 517 333 554 fere
351 524 389 554 et
410 530 540 567 presso
561 518 716 566 pinguis
737 519 808 554 sub
830 529 983 554 vomere
1003 525 1117 560 terra,

108 571 161 608 Et
180 572 243 608 cui
265 579 378 617 putre
398 571 740 618 solum—»namque
760 572 831 608 hoc
851 571 1051 608 imitamur
1084 569 1298 610 arando,—

107 624 278 674 Optuma
296 625 502 662 frumentis
523 640 532 668 3
553 637 628 661 non
650 625 727 662 ullo
747 637 797 662 ex
816 637 967 671 aequore
986 635 1120 661 cernes
1221 624 1297 660 205

106 677 222 715 Plura
241 679 397 715 domum
417 679 537 715 tardis
557 679 740 715 decedere
761 678 931 726 plaustra
944 676 1127 725 juvencis
1147 690 1155 712 :

106 734 192 769 Aut
213 732 314 769 unde
334 732 456 769 iratus
476 733 613 768 silvam
633 732 791 768 devexit
811 737 950 776 arator,

107 785 161 822 Et
179 798 337 823 nemora
356 786 498 822 evertit
518 785 657 822 multos
677 785 820 833 ignava
840 797 907 832 per
923 796 1058 827 annos,

106 840 382 887 Antiquasque
402 839 534 875 domos
554 839 684 875 avium
705 851 792 875 cum
812 838 998 886 stirpibus
1017 837 1105 873 imis

106 893 244 929 Eruit:
275 893 350 929 illae
371 892 491 929 altum
511 892 615 928 nidis
634 891 782 940 petiere
801 891 970 934 relictis3
1223 891 1302 927 210

108 948 167 983 At
185 946 294 982 rudis
315 945 456 982 enituit
474 945 641 994 impulso
662 957 815 982 vomere
834 957 1005 993 campus.

107 999 211 1036 Nam
225 998 362 1047 jejuna
381 999 537 1046 quidem
557 998 691 1036 clivosi
711 998 842 1047 glarea
861 999 963 1036 ruris

107 1053 191 1089 Vix
211 1053 376 1090 humiles
395 1053 534 1101 apibus
553 1052 674 1090 casias
693 1064 895 1100 roremque
913 1051 1132 1093 ministrat;

107 1106 159 1143 Et
179 1107 320 1155 tophus
340 1107 473 1143 scaber
492 1114 530 1143 et
551 1106 675 1155 nigris
693 1118 810 1143 exesa
828 1105 1021 1155 chelydris

108 1160 226 1198 Creta
245 1167 389 1208 negant
408 1160 503 1197 alios
522 1171 628 1207 aeque
648 1160 890 1208 serpentibus
909 1171 1022 1208 agros
1224 1158 1302 1194 215

109 1214 272 1250 Dulcem
292 1213 394 1250 ferre
412 1214 542 1250 cibum
561 1220 600 1250 et
619 1225 758 1250 curvas
777 1213 949 1261 praebere
967 1212 1142 1250 latebras.

109 1266 206 1313 Quae
226 1273 381 1304 tenuem
401 1267 560 1304 exhalat
577 1266 758 1303 nebulam
777 1266 980 1315 fumosque
1000 1265 1190 1304 volueres,

109 1320 162 1357 Et
180 1320 279 1358 bibit
297 1321 498 1358 humorem
518 1327 567 1365 et,
589 1333 676 1357 eum
698 1320 791 1364 vult⁵
813 1332 863 1356 ex
883 1332 924 1356 se
942 1320 1026 1368 ipsa
1045 1319 1209 1356 remittit
1228 1332 1237 1361 ;

110 1373 284 1422 Quaeque
303 1387 373 1411 suo
391 1386 543 1423 semper
563 1374 679 1410 viridi
699 1386 738 1410 se
757 1373 933 1422 gramine
953 1372 1081 1417 vestit,

108 1427 148 1464 N
152 1440 194 1465 ec
215 1428 342 1464 scabie
361 1433 400 1464 et
419 1428 517 1465 salsa
539 1427 641 1463 laedit
660 1427 838 1476 robigine
856 1426 1026 1463 ferrum:
1226 1426 1305 1461 220

108 1481 183 1518 Illa
202 1482 274 1518 tibi
295 1481 394 1517 laetis
414 1482 565 1517 intexet
584 1481 731 1517 vitibus
752 1481 898 1522 ulmos3

108 1535 183 1572 Illa
201 1534 312 1572 ferax
331 1534 416 1571 oleo
435 1540 493 1572 est
509 1549 518 1577 ;
547 1534 653 1572 illam
673 1534 874 1582 experiere
894 1532 1054 1570 colendo

108 1588 161 1625 Et
182 1588 331 1625 facilem
352 1588 481 1636 pecori
502 1595 539 1624 et
561 1588 768 1636 patientem
789 1587 956 1624 vomeris
976 1587 1077 1624 unci.

110 1641 245 1679 Talem
265 1642 374 1678 dives
395 1650 478 1678 arat
499 1641 633 1689 Capua
653 1648 690 1678 et
710 1641 840 1677 vicina
860 1640 1016 1677 Vesevo

110 1694 301 1743 Orajugo
321 1702 358 1732 et
379 1695 512 1732 vacuis
533 1695 694 1732 Clanius
716 1707 792 1731 non
814 1705 946 1741 aequus
967 1693 1138 1730 Acerris.
1225 1692 1302 1728 225

161 1749 290 1788 Nune,
311 1761 388 1797 quo
405 1761 598 1797 quamque
618 1748 730 1785 modo
750 1748 872 1796 possis
892 1759 1133 1795 cognoscere,
1154 1746 1293 1783 dicam.

109 1803 213 1839 Rara
233 1803 280 1839 sit
299 1816 347 1839 an
368 1815 484 1851 supra
502 1815 647 1838 morem
667 1802 698 1838 si
720 1802 839 1838 densa
857 1801 1085 1849 requiras-—

108 1856 249 1893 Altera
267 1856 474 1893 frumentis
493 1856 674 1903 quoniam
695 1855 812 1897 favet,
835 1855 956 1891 altera
975 1853 1142 1898 Baccho,

108 1909 239 1946 Densa
259 1910 382 1958 magis
403 1908 547 1953 Cereri,
567 1908 764 1945 rarissima
782 1919 945 1956 quaeque
963 1906 1134 1956 Lyaeo—

108 1963 216 1999 Ante
235 1963 360 1999 locum
380 1963 508 2011 capies
528 1962 659 2006 oculis,
681 1968 847 2010 anteque
860 1960 1018 2009 jubebis
1225 1960 1306 1996 230

108 2016 156 2052 In
179 2017 299 2053 solido
319 2022 476 2065 puteum
497 2015 659 2060 demitti,
681 2027 909 2062 omnemque
928 2026 1092 2062 repones

109 2070 261 2107 Rursus
278 2070 450 2113 humum,
472 2076 511 2106 et
530 2069 694 2117 pedibus
715 2081 882 2105 summas
901 2068 1072 2116 aequabis
1091 2078 1241 2104 arenas.

113 2124 155 2159 Si
175 2124 351 2167 deerunt,
373 2135 503 2160 rarum
525 2123 727 2171 pecorique
747 2128 786 2158 et
805 2122 952 2158 vitibus
972 2120 1082 2158 almis

109 2176 256 2225 Aptius
276 2178 373 2213 uber
392 2177 490 2220 erit3
519 2177 579 2213 sin
599 2176 640 2212 in
659 2189 730 2213 sua
749 2188 859 2224 posse
878 2175 1078 2223 negabunt

110 2231 178 2267 Ire
197 2231 289 2275 loca,
311 2238 349 2268 et
369 2231 569 2267 scrobibus
590 2230 787 2278 superabit
807 2236 911 2266 terra
929 2227 1098 2277 repletis,
1227 2227 1304 2262 235

114 2283 270 2332 Spissus
290 2296 405 2332 ager3
434 2284 565 2332 glebas
584 2290 810 2320 cunctantes
830 2294 1034 2330 crassaque
1053 2287 1163 2329 terga

110 2337 320 2385 Exspecta,
342 2344 379 2373 et
401 2338 537 2374 validis
556 2343 699 2374 terram
720 2336 923 2385 proscinde
936 2334 1130 2383 juvencis.

115 2390 224 2428 Salsa
242 2397 369 2427 autem
391 2391 504 2427 tellus
524 2397 562 2427 et
582 2402 666 2438 quae
688 2390 914 2438 perhibetur
933 2400 1072 2431 amara,

112 2443 310 2493 Frugibus
330 2443 582 2488 infelix‚—-ea
601 2456 671 2481 nec
692 2442 921 2480 mansuescit
937 2441 1090 2484 arando,
