1414 2666
103 195 156 230 20
405 193 450 229 P.
483 191 731 230 VIRGILII
765 191 1025 230 MARONIS
1192 189 1302 241 [Lm.

159 299 290 346 Quare
311 299 425 348 agite,
448 312 481 344 o,
504 299 679 348 proprios
699 299 913 347 generatim
933 299 1070 336 discite
1089 299 1227 344 cultus,
1251 299 1300 335 35

103 353 313 402 Agricolae,
337 353 564 400 fructusque
584 353 685 389 feros
705 353 850 389 mollite
870 353 1047 396 colend03

102 407 193 444 Neu
214 419 352 456 segnes
365 406 523 454 jaceant
543 412 670 443 terrae.
726 406 851 443 Juvat
872 407 1021 443 Ismara
1041 405 1196 443 Baccho

104 460 330 503 Conserere,
351 466 467 508 atque
486 460 578 504 olea⁴
589 472 772 508 magnum
792 461 936 497 vestire
957 460 1197 497 Taburnum.

103 514 244 562 Tuque
264 514 366 556 ades,
388 514 663 562 inceptumque
684 525 759 549 una
778 513 939 550 decurre
959 514 1140 557 laborem,

103 566 139 604 O
159 568 287 611 decus,
308 580 330 604 o
349 566 461 603 famae
482 567 621 603 merito
642 579 731 614 pars
750 579 933 604 maxuma
952 573 1107 612 nostrae,
1250 566 1303 601 40

103 621 312 665 Maecenas,
335 620 548 668 pelagoque
569 620 702 656 volans
723 620 772 656 da
791 620 877 657 vela
896 620 1056 668 patenti.

102 674 194 711 Non
216 687 288 723 ego
308 680 449 711 cuncta
468 674 564 710 meis
584 674 764 722 amplecti
785 674 962 710 versibus
984 680 1087 722 opto,

102 728 205 772 Non,
227 728 324 764 mihi
345 728 376 764 si
397 727 541 776 linguae
562 734 718 764 centum
738 727 817 764 sint
836 739 981 776 oraque
1000 734 1168 771 centum,

103 781 249 818 Ferrea
268 794 347 818 vox
355 796 365 825 ;
385 781 486 825 ades,
509 786 548 817 et
568 781 683 829 primi
703 780 788 829 lege
807 780 933 817 litoris
953 793 1078 824 oram3

103 834 153 871 In
173 835 351 872 manibus
371 841 503 877 terrae;
523 846 599 870 non
621 834 683 878 bic
703 840 740 870 te
761 833 931 870 carmine
945 834 1044 870 ficto
1251 833 1302 869 45

103 890 238 936 Atque
259 901 327 937 per
347 889 527 936 ambages
546 892 585 923 et.
605 887 719 935 longa
738 898 877 923 exorsa
895 888 1046 925 tenebo.

163 941 310 990 Sponte
331 954 400 978 sua
419 952 504 989 quae
526 952 566 977 se
587 940 729 977 tollunt
748 940 789 976 in
809 940 967 978 luminis
987 953 1086 985 oraS‚

104 995 322 1032 Infecunda
347 994 516 1043 quidem,
539 994 606 1030 sed
625 994 714 1030 laeta
733 1001 772 1030 et
791 993 909 1030 fortia
928 1003 1112 1043 surgunt3

106 1047 261 1097 Quippe
281 1048 362 1085 solo
378 1055 517 1084 natura
533 1048 680 1084 subest.
729 1047 877 1084 Tamen
894 1048 976 1085 haec
991 1059 1155 1097 quoque,
1170 1047 1202 1091 si
1216 1047 1304 1096 quis

104 1102 269 1147 Inserat,
291 1108 359 1139 aut
378 1102 580 1138 scrobibus
599 1101 756 1137 mandet
774 1106 923 1138 mutata
942 1102 1122 1140 subactis.
1251 1102 1304 1137 50

104 1155 302 1192 Exuerint
321 1155 538 1195 silvestrem
558 1155 739 1199 animum,
761 1155 947 1204 cultuque
965 1155 1160 1204 frequenti

104 1209 153 1246 In
173 1221 435 1258 quascumque
455 1220 569 1245 voces
588 1213 691 1245 artes
711 1209 812 1244 haud
831 1209 942 1246 tarda
961 1215 1183 1256 sequentur,

103 1263 190 1300 Nec
209 1275 286 1300 non
307 1268 346 1300 et
365 1262 520 1307 sterilis,
542 1274 627 1310 quae
647 1262 834 1310 stirpibus
853 1263 937 1299 exit
956 1263 1004 1299 ab
1025 1263 1124 1308 imis,

106 1316 194 1354 Hoc
213 1316 341 1361 faciet,
363 1328 506 1353 vacuos
525 1315 558 1352 si
579 1316 628 1352 sit
648 1315 798 1364 digesta
818 1328 886 1364 per
905 1327 1036 1364 agros:

105 1370 224 1407 Nunc
244 1370 330 1407 altae
352 1369 508 1406 frondes
528 1376 565 1405 et
586 1369 683 1406 rami
703 1369 839 1405 matris
857 1376 1033 1418 opacant,
1253 1370 1304 1405 55

105 1423 383 1471 Crescentique
401 1423 577 1460 adimunt
597 1422 710 1467 fetus,
731 1429 928 1471 uruntque
947 1423 1148 1460 ferentem.

157 1477 261 1522 Jam,
283 1488 369 1525 quae
391 1475 732 1524 seminibusjactis
753 1488 793 1512 se
813 1476 972 1512 sustulit
992 1478 1115 1520 arbos,

107 1531 236 1568 Tarda
254 1530 359 1567 venit
380 1530 475 1567 seris
495 1530 645 1566 factura
661 1529 868 1577 nepotibus
887 1531 1081 1574 umbram3

104 1585 302 1632 Pomaque
322 1584 570 1632 degenerant,
593 1595 726 1620 succos
747 1583 870 1620 oblita
887 1583 1036 1632 priores
1056 1598 1066 1627 3

105 1638 158 1674 Et
177 1644 310 1686 turpes
331 1638 471 1674 avibus
490 1637 658 1685 praedam
679 1636 755 1673 fert
777 1649 852 1674 uva
872 1649 1059 1674 racemos.
1250 1637 1305 1673 60

161 1690 318 1729 Scilicet
337 1691 516 1727 omnibus
535 1696 594 1727 est
613 1690 721 1727 labor
739 1690 1031 1738 impendendus,
1048 1696 1087 1728 et
1106 1702 1240 1727 omnes

107 1744 301 1793 Cogendae
323 1745 362 1781 in
384 1744 533 1781 sulcum
554 1756 597 1780 ac
618 1744 739 1780 multa.
758 1745 934 1781 mercede
954 1745 1172 1787 domandae3

108 1798 184 1835 Sed
204 1800 353 1835 truncis
373 1798 465 1835 oleae
485 1797 635 1840 melius,
657 1797 871 1846 propagine
893 1798 991 1835 vites

104 1851 371 1900 Respondent,
392 1851 513 1887 solido
533 1850 694 1899 Paphiae
716 1852 763 1887 de
782 1851 919 1887 robore
939 1857 1107 1900 myrtus3

103 1905 257 1942 Plantis
278 1911 316 1941 et
336 1905 441 1940 durae
462 1904 583 1941 coruli
606 1910 832 1948 nascuntur,
851 1911 890 1940 et
909 1905 1049 1952 ingens
1251 1904 1302 1940 65

104 1959 313 2002 Fraxinus,
344 1957 626 2005 Herculemque
647 1958 759 1994 arbos
780 1958 960 1994 umbrosa
979 1969 1141 2001 coronae,

106 2012 348 2061 Chaoniique
369 2011 489 2059 patris
508 2010 685 2059 glandes;
705 2011 822 2047 etiam
841 2011 960 2047 ardua
980 2012 1106 2059 palma

104 2065 302 2109 Nascitur,
324 2071 362 2101 et
382 2075 494 2101 casus
514 2064 619 2101 abies
644 2064 772 2100 visura
791 2065 970 2101 marinos.

104 2119 297 2156 Inseritur
317 2131 410 2155 vero
430 2123 467 2154 et
488 2118 598 2154 nucis
618 2118 779 2154 arbutus
800 2118 956 2155 horrida
973 2118 1075 2160 fetu;

104 2173 158 2209 Et
178 2173 329 2209 steriles
349 2171 496 2220 platani
516 2171 635 2208 malos
656 2183 808 2219 gessere
829 2172 1003 2209 valentes
1011 2187 1021 2216 ς
1253 2169 1304 2208 70

106 2226 306 2263 Castanea:
327 2225 450 2274 fagus,
473 2237 668 2273 ornusque
689 2225 862 2261 incanuit
882 2225 969 2262 albo
1257 2224 1262 2226 ’

103 2279 219 2316 Flore
240 2279 325 2328 piri,
347 2279 604 2328 glandemque
625 2290 711 2314 sues
731 2278 882 2327 fregere
903 2280 974 2315 sub
996 2277 1125 2315 ulmis.

158 2333 243 2369 Nec
270 2334 405 2369 modus
427 2333 598 2369 inserere
617 2338 733 2379 atque
753 2332 883 2368 oculos
903 2332 1102 2380 imponere
1123 2329 1302 2379 simplex.

102 2385 217 2431 Nam,
239 2398 315 2434 qua
335 2398 376 2422 se
394 2385 522 2422 medio
542 2386 705 2422 trudunt
726 2385 772 2422 de
792 2385 935 2422 cortice
954 2396 1129 2434 gemmae,

103 2440 154 2476 Et
177 2447 310 2477 tenues
330 2446 516 2486 rumpunt
536 2439 700 2484 tunicas,
721 2445 910 2486 angustus
931 2439 970 2475 in
991 2439 1074 2487 ipso
1253 2436 1302 2474 75
