1414 2666
221 171 272 209 46
671 186 863 214 AENEIDOS
890 185 950 212 111.
995 225 999 230 ἱ

224 278 299 316 Hic
319 281 419 318 canit
435 294 443 324 ;
474 287 511 318 et
532 287 597 319 tua
614 294 681 319 nos
700 295 748 319 en
767 282 775 320 ἔ
805 281 906 319 ultro
922 282 970 319 ad
988 282 1118 320 limina
1135 281 1262 321 mittit.
1321 280 1395 318 155

224 332 303 369 Nos
323 340 372 378 te,
395 335 586 372 Dardania
605 336 768 380 incensa,
788 341 926 384 tuaque
944 348 1057 381 arma,
1077 335 1195 386 secuti
1210 348 1218 373 :

224 386 304 423 Nos
325 388 509 424 tumidum
528 390 596 426 sub
617 395 653 428 te
672 390 853 438 permensi
873 390 1050 426 classibus
1069 386 1231 439 aequor:

224 439 329 476 Idem
350 448 525 479 venturos
545 444 718 481 tollemus
736 443 774 479 in
795 450 894 480 astra
912 448 1078 492 nepotes,

225 492 498 543 Imperiumque
517 497 601 533 urbi
620 497 801 534 dabimus.
859 497 918 533 Tu
937 497 1084 533 moenia
1102 495 1248 544 magnis
1300 510 1301 513 ¹

224 546 359 594 Magna
380 561 480 596 para,
499 550 728 599 longumque
746 549 857 598 fugae
875 563 922 586 ne
940 550 1068 598 linque
1086 550 1266 586 laborem.
1321 546 1398 585 160

222 600 431 639 Mutandae
450 603 567 640 sedes.
624 604 711 641 Non
731 604 822 640 haec
841 603 909 641 tibi
928 604 1056 641 littora
1075 602 1190 640 suasit
1297 625 1310 640 ι

226 652 370 699 Delius,
392 663 455 693 aut
477 656 612 695 Cretae
626 658 735 706 jussit
757 657 960 701 considere,
982 657 1130 706 Apollo.

224 706 293 745 Est
311 708 425 754 loom,
448 709 666 760 Hesperiam
690 711 794 747 Graii
814 711 1035 760 cognomine
1053 711 1195 756 dicunt,

225 760 342 798 Terra
361 763 523 811 antiqua,
546 772 678 814 potens
698 765 819 809 armis,
841 770 953 812 atque
972 765 1086 800 ubere
1104 764 1236 812 glebae
1255 776 1264 800 :

227 814 384 854 Oenotri
401 818 549 855 coluere
567 819 635 854 viri
653 832 660 855 z
691 831 791 854 nunc
810 818 920 861 fama,
934 818 1095 854 minores
1323 814 1398 854 165

225 867 371 906 Italiam
391 870 539 917 dixisse,
561 872 665 908 ducis
684 872 730 908 de
750 872 910 915 nomine,
930 875 1094 919 gentem.
1314 882 1318 886 ·

223 921 309 958 Hae
329 924 435 960 nobis
455 926 625 974 propriae
645 926 750 962 sedes
766 938 774 962 ε
796 925 884 961 hinc
904 925 1107 961 Dardanus
1125 931 1242 969 ortus,

226 975 416 1025 Iasiusque
436 986 552 1028 pater,
573 992 693 1028 genus
712 992 733 1015 a
752 991 826 1027 quo
845 977 1012 1027 principe
1031 983 1212 1016 nostrum.

227 1030 348 1077 Surge
367 1044 447 1079 age,
469 1038 505 1069 et
526 1033 617 1069 haec
635 1033 755 1069 laetus
774 1032 958 1080 longaevo
977 1032 1078 1068 dicta
1096 1031 1242 1081 parenti

224 1081 341 1119 Haud
354 1085 560 1123 dubitanda
576 1087 692 1123 refer:
711 1086 918 1135 Corythum
935 1091 1126 1134 terrasque
1140 1085 1306 1134 requirat
1326 1083 1401 1123 170

225 1136 426 1175 Ausonias.
485 1140 643 1177 Dictaea
663 1147 775 1187 negat
797 1139 864 1176 tibi
881 1139 1032 1188 Jupiter
1051 1151 1150 1176 arva.

279 1190 432 1229 Talibus
452 1194 634 1232 attonitus
654 1194 750 1238 visis,
772 1206 814 1230 ac
833 1205 922 1229 voce
940 1193 1107 1238 deorum,

228 1241 326 1292 (Nee
345 1258 455 1295 sopor
473 1247 567 1283 illud
587 1252 665 1284 erat
682 1260 690 1291 ;
722 1248 787 1284 sed
807 1259 930 1283 coram
950 1258 1152 1295 agnoscere
1170 1247 1307 1292 vultus,

227 1297 452 1348 velatasque
472 1313 604 1345 comas⁷
627 1301 907 1350 praesentiaque
926 1313 1002 1345 ora,
1022 1300 1200 1338 videbar:

228 1351 326 1388 Tum
345 1353 492 1400 gelidus
512 1361 592 1392 toto
611 1356 785 1391 manabat
805 1366 958 1402 corpore
977 1353 1107 1404 sudor)
1327 1351 1403 1392 175

228 1405 399 1455 Corripio
419 1419 439 1443 e
459 1408 584 1445 stratis
600 1421 745 1457 corpus,
767 1407 957 1456 tendoque
971 1407 1122 1456 supinas

226 1459 290 1495 Ad
310 1461 454 1496 coelum
470 1473 552 1497 cum
575 1474 663 1498 voce
683 1474 824 1505 manus,
845 1467 883 1497 et·
902 1473 1056 1497 munera
1074 1461 1150 1498 libo

228 1512 455 1551 Intemerata
475 1515 577 1551 focis.
636 1515 805 1552 Perfecto
824 1515 944 1551 laetus
961 1514 1114 1560 honore,

227 1564 420 1604 Anchisen
441 1568 534 1605 facio
550 1574 702 1613 certum,
722 1580 871 1616 remque
890 1568 1021 1605 ordine
1040 1568 1178 1617 pandO.

228 1620 400 1669 Agnovit
420 1622 560 1670 prolem
581 1623 804 1669 ambiguam,
825 1622 1064 1671 geminosque
1083 1622 1271 1672 parentis3
1329 1619 1405 1658 180

229 1674 351 1723 Seque
371 1688 468 1711 novo
488 1682 654 1725 veterum
675 1677 872 1724 deceptum
893 1687 1017 1713 errore
1030 1676 1208 1714 locorum.

230 1726 329 1764 Tum
349 1741 552 1767 memorat:
585 1730 695 1773 Nate,
719 1730 839 1766 Iliacis
859 1730 957 1774 fatis,

229 1780 316 1818 Sola
334 1782 424 1817 mihi
444 1783 528 1819 talis
548 1795 653 1820 casus
675 1783 884 1820 Cassandra
903 1783 1073 1820 canebat.

229 1835 341 1872 Nunc
362 1842 501 1884 repeto,
524 1837 614 1873 haec
635 1837 764 1884 generi
784 1836 1008 1885 portendere
1027 1836 1155 1874 debita
1169 1840 1323 1880 nostro;

230 1888 279 1925 Et
301 1901 409 1937 saepe
429 1889 663 1938 Hesperiam,
685 1902 793 1938 saepe
816 1889 910 1927 Itala
929 1902 1051 1936 regna,
1072 1902 1216 1927 vocare.
1330 1888 1406 1927 185

231 1941 305 1978 Sed
325 1942 406 1989 quis
426 1942 473 1978 ad
495 1942 701 1991 Hesperiae
722 1949 897 1980 venturos
916 1943 1045 1980 littora
1065 1943 1230 1981 Teucros

232 1994 412 2033 Crederet
432 1995 451 2032 ἱ)
480 2002 544 2033 aut
565 2007 673 2044 quem
694 2001 774 2034 tum
793 2004 896 2033 vates
919 1997 1128 2034 Cassandra
1144 1999 1312 2034 moveret
1328 1995 1349 2033 ἲ)

232 2049 417 2086 Cedamus
438 2048 602 2093 Phoebo,
623 2057 671 2094 et,
694 2050 823 2087 moniti
843 2050 1006 2095 meliora,
1028 2062 1238 2098 sequamur.

231 2102 293 2139 Sic
314 2102 366 2140 ait
385 2115 395 2146 3
425 2108 462 2140 et
482 2103 607 2141 cuncti
627 2104 728 2140 dicto
748 2116 920 2152 paremus
939 2109 1109 2141 ovantes.

230 2155 343 2193 Hanc
362 2168 508 2204 quoque
523 2157 727 2193 deserimus
746 2157 884 2200 sedem,
903 2157 1104 2206 paucisque
1122 2156 1260 2195 relictis
1332 2155 1410 2195 190

229 2209 324 2246 Vela
342 2210 484 2255 danius,
507 2216 725 2259 vastumque
744 2223 833 2247 cava
852 2211 958 2247 trabe
976 2211 1157 2248 currimus
1177 2221 1328 2259 aequor.

285 2263 484 2311 Postquam
506 2264 622 2300 altum
641 2270 796 2300 tenuere
823 2270 933 2308 rates,
954 2276 1023 2300 nec
1036 2264 1117 2312 jam
1134 2263 1292 2313 amplius
1311 2263 1409 2301 ullae

230 2317 427 2365 Apparent
443 2323 573 2361 terrae,
588 2317 730 2354 coelum
752 2317 918 2364 undique
936 2323 975 2354 et
993 2318 1160 2366 undique
1178 2321 1340 2366 pontus;

232 2370 330 2406 Tum
349 2370 439 2406 mihi
458 2371 648 2407 caeruleus
668 2383 779 2419 supra
797 2375 909 2419 caput
928 2369 1075 2408 adstitit
1092 2371 1222 2414 imber,

231 2423 391 2461 Noctem
412 2423 643 2472 hiememque
660 2423 806 2468 ferens3
836 2428 876 2461 et
892 2423 1081 2465 inhorruit
1097 2423 1201 2463 unda
1218 2423 1393 2462 tenebris.
