1475 2712
496 175 709 205 CARMINUM
737 174 794 203 111.

170 276 298 313 Motus
316 275 440 312 doceri
457 273 598 323 gaudet
618 272 763 310 Ionicos

175 329 326 366 Matura
344 328 457 375 virgo,
477 332 515 364 et
527 326 683 374 fingitur
703 325 857 363 artubus
873 337 883 368 ;

224 382 251 420 J
253 395 310 419 am
331 394 431 418 nunc
450 385 487 418 et
505 379 666 417 incestos
686 390 832 416 amores

281 435 342 472 De
361 440 489 472 tenero
508 433 712 470 meditatur
727 431 860 481 ungui.

176 489 268 526 Mox
281 488 448 538 juniores
468 487 613 536 quaerit
632 486 822 524 adulteros

178 542 282 580 Inter
301 541 424 579 mariti
443 541 529 578 vina
542 554 559 578 :v
581 551 701 588 neque
720 539 837 588 eligit,

232 595 304 632 Cui
323 595 438 632 donet
457 593 687 643 impermissa
706 593 842 642 raptim

284 648 444 693 Gaudia,
469 647 673 684 luminibus
692 646 844 683 remotis
860 657 868 688 3

181 702 266 748 Sed,
282 702 396 750 jussa,
419 713 554 747 coram,
575 713 652 737 non
671 700 751 738 sine
770 698 919 736 conscio

180 755 311 804 Surgit
329 755 474 800 marito,
495 767 560 792 seu
579 759 689 792 vocat
707 753 870 798 institor,

233 810 306 846 Seu
325 809 429 846 navis
448 808 642 858 Hispanae
662 807 851 856 magister,

285 863 524 900 Dedecorum
543 862 726 910 pretiosus
745 866 878 898 emtor.

180 916 268 953 Non
287 917 344 953 his
357 915 537 965 juventus
557 921 640 953 orta
658 914 874 964 parentibus

178 970 312 1007 Infecit
331 981 468 1017 aequor
486 969 669 1017 sanguine
689 967 844 1012 Punico,

234 1023 494 1072 Pyrrhumque
513 1028 550 1060 et
567 1023 759 1070 ingentem
780 1020 914 1059 cecidit

288 1076 529 1121 Antiochum,
552 1075 882 1123 Hannibalemque
900 1074 1022 1112 dirum
1039 1088 1046 1113 :

182 1130 256 1166 Sed
275 1130 498 1167 rusticorum
516 1129 679 1166 mascula
697 1128 858 1166 militum

181 1183 320 1228 Proles,
344 1183 500 1220 Sabellis
519 1183 631 1221 docta
649 1182 836 1231 ligonibus

234 1236 394 1274 Versare
413 1237 553 1285 glebas,
576 1241 613 1274 et
632 1247 781 1274 severae

285 1290 420 1329 Matris
439 1290 487 1327 ad
506 1289 701 1327 arbitrium
717 1288 854 1326 recisos

185 1344 340 1382 Portare
359 1344 486 1389 fustes,
508 1344 564 1380 sol
583 1343 647 1380 ubi
666 1342 850 1380 montium

184 1397 353 1436 Mutaret
373 1398 533 1442 umbras,
555 1401 592 1435 et
604 1396 701 1446 juga
720 1397 887 1434 demeret

239 1451 368 1488 Bobus
386 1451 564 1499 fatigatis,
585 1451 746 1487 amicum

293 1504 458 1554 Tempus
477 1516 592 1552 agens
613 1504 775 1541 abeunte
794 1515 917 1540 curru.

186 1560 378 1596 Damnosa
398 1556 489 1606 quid
508 1570 585 1594 non
603 1557 790 1594 imminuit
810 1557 889 1593 dies
903 1556 923 1593 ⁴?

182 1614 299 1651 Aetas
317 1616 527 1661 parentum,
548 1611 654 1660 pejor
673 1611 762 1656 avis,
784 1610 873 1648 tulit

237 1666 317 1703 Nos
337 1665 544 1714 nequiores,
565 1677 652 1701 mox
671 1664 824 1702 elaturos

293 1718 515 1767 Progeniem
536 1718 776 1756 vitiosiorem.

409 1783 497 1820 Ona
520 1781 735 1820 VIL-Acl
750 1782 933 1820 Asterien.

185 1850 292 1896 QUID
311 1850 389 1895 fies,
410 1849 572 1894 Asterie,
593 1861 702 1897 quem
718 1849 788 1886 tibi
815 1849 965 1886 candidi

188 1903 315 1941 Primo
334 1903 535 1941 restituent
555 1915 642 1939 vere
662 1902 831 1948 Favonii,

244 1957 381 2006 Thyna
399 1968 522 1993 merce
539 1956 704 2002 beatum,

300 2010 517 2049 Constantis
530 2009 710 2058 juvenem
729 2009 815 2054 fide,

191 2066 331 2115 Gygen
345 2064 364 2101 ἶ)
419 2064 499 2109 Ille,
520 2063 632 2101 Notis
652 2068 757 2102 actus
778 2063 826 2100 ad
847 2063 1003 2102 Oricum

192 2119 283 2156 Post
301 2118 432 2154 insana
451 2129 583 2166 caprae
597 2116 731 2162 sidera,
751 2116 899 2164 frigidas

250 2172 404 2216 Noctes,
425 2182 502 2208 non
522 2170 601 2206 sine
622 2170 761 2216 multis,

300 2223 499 2269 Insomnis,
519 2223 692 2269 lacrimis,
713 2224 803 2272 agit.

197 2278 320 2328 Atqui
341 2277 522 2315 sollicitae
541 2276 698 2314 nuntius
715 2277 899 2327 hospitae,

200 2332 395 2382 Suspirare
416 2330 577 2376 Chloen,
599 2334 638 2368 et
656 2330 829 2369 miseram
848 2331 923 2369 tuis

303 2385 445 2422 Dicens
463 2384 614 2434 ignibus
633 2383 704 2430 uri,

253 2438 395 2478 Tentat
411 2438 513 2477 mille
531 2437 633 2477 vafer
652 2437 786 2476 modis.

1194 487 1217 523 Ν.)

1221 486 1244 523 <a

1196 753 1247 791 31)

1206 1291 1228 1324 4
1233 1289 1255 1325 f)

1208 1557 1229 1592 4
1236 1558 1256 1593 ἵν

1242 2064 1265 2101 ''v“

1222 2331 1270 2369 if)
