1475 2712
78 219 134 271 r]
487 214 838 255 GEORGICON.
1250 221 1261 241 ε

134 325 308 364 Alternis
327 325 426 362 idem
444 330 575 361 tonsas
593 335 741 360 cessare
761 322 928 365 novales,

79 379 133 417 Et
153 392 307 428 segnem
327 378 472 427 patiere
487 377 563 414 situ
585 377 787 413 durescere
806 388 1001 423 campum3

79 433 163 470 Aut
182 433 235 469 ibi
255 432 357 469 flava
375 443 488 471 seres,
518 436 667 466 mutato
688 429 825 473 sidere,
848 428 964 472 farra,

78 480 196 524 Unde
215 486 322 534 prius
341 485 469 521 laetum
490 483 628 531 siliqua
646 488 851 531 quassante
872 482 1060 530 legumen,

78 540 163 576 Aut
181 538 309 576 tenuis
326 536 429 575 fetus
447 536 559 573 viciae
577 536 778 584 tristisque
797 535 920 583 lupini

76 591 287 629 Sustuleris
301 590 458 639 fragiles
477 589 642 626 calamos
661 588 875 636 silvamque
895 594 1105 624 sonantem.

78 645 172 683 Urit
192 645 294 682 enim
313 644 382 680 lini
404 655 580 691 campum
601 654 722 690 seges,
743 642 822 678 urit
841 653 973 678 avenae

78 699 212 736 Urunt
235 696 388 734 Lethaeo
406 696 561 744 perfusa
589 707 780 744 papavera
800 707 946 731 somno:

79 751 159 789 Sed
178 758 305 788 tamen
325 749 481 787 alternis
499 749 624 786 facilis
653 748 774 785 labor:
804 748 911 784 arida
930 752 1082 784 tantum

78 804 140 842 Ne
159 810 332 841 saturare
351 804 440 840 fimo
459 802 594 851 pingui
615 801 757 850 pudeat
777 801 867 845 sola,
888 812 986 837 neve
1218 802 1269 836 S&

77 857 226 895 Effetos
245 857 412 894 cinerem
433 855 671 892 immundum
689 853 837 902 jactare
857 866 925 902 per
944 865 1069 902 agros.

76 909 142 948 Sic
161 923 313 959 quoque
332 909 490 946 mutatis
508 908 756 957 requiescunt
774 907 916 945 fetibus
936 919 1047 950 arva;

77 964 164 1001 Nec
183 963 290 1000 nulla
308 963 456 1000 interea
475 969 534 999 est
552 962 712 999 inaratae
730 961 857 1010 gratia
875 967 1001 997 terrae.

76 1015 188 1066 Saepe
207 1017 323 1053 etiam
343 1015 493 1053 steriles
512 1015 718 1052 incendere
737 1013 883 1062 profuit
902 1026 1029 1063 agros,

78 1071 212 1118 Atque
230 1069 356 1106 levem
375 1068 557 1116 stipulam
576 1068 857 1116 crepitantibus
877 1079 988 1104 urere
1008 1066 1188 1104 fiammisz
1219 1067 1268 1103 85

76 1122 171 1160 Sive
190 1123 280 1159 inde
298 1121 465 1160 occultas
486 1122 587 1158 vires
606 1127 644 1158 et
662 1121 804 1168 pabula
822 1126 936 1158 terrae

77 1175 248 1225 Pinguia
265 1175 506 1223 concipiunt3
535 1175 618 1211 sive
637 1174 714 1211 illis
737 1186 849 1211 omne
868 1185 938 1222 per
955 1173 1086 1220 ignem

77 1229 322 1277 Excoquitur
342 1229 494 1271 vitium,
514 1234 630 1276 atque
649 1227 814 1264 exsudat
838 1226 989 1263 inutilis
1008 1227 1164 1269 humor;

74 1281 155 1320 Seu
169 1283 299 1331 plures
318 1281 421 1319 calor
438 1281 504 1318 ille
526 1281 607 1317 vias
626 1287 664 1317 et
684 1291 784 1317 caeca
802 1279 952 1317 relaxat

75 1333 332 1384 Spiramenta,
353 1347 473 1372 novas
492 1334 624 1371 veniat
643 1346 720 1382 qua
739 1345 876 1370 succus
894 1333 935 1369 in
955 1332 1112 1375 herbas3
1221 1334 1273 1370 90

81 1388 159 1427 Seu
178 1389 292 1426 durat
310 1388 445 1437 magis,
467 1393 505 1425 et
524 1399 644 1425 venas
665 1386 873 1435 adstringit
892 1385 1058 1423 hiantes:⁷

77 1442 142 1480 Ne
159 1448 294 1479 tenues
312 1441 469 1490 pluviae,
488 1440 662 1489 rapidive
680 1441 853 1488 potentia
864 1439 954 1477 solis

79 1495 234 1540 Acrior,
254 1501 320 1532 aut
339 1494 474 1532 Boreae
496 1493 732 1542 penetrabile
750 1493 876 1542 frigus
898 1493 1047 1530 adurat.

82 1548 251 1585 Multum
271 1548 377 1593 adeo,
398 1547 533 1585 rastris
552 1547 684 1596 glebas
702 1547 771 1595 qui
790 1546 937 1595 frangit
956 1546 1112 1588 inertes,

80 1601 358 1649 vimineasque
377 1601 498 1638 trahit
518 1606 654 1645 crates,
670 1599 786 1648 juvat
807 1612 916 1637 arvaz
932 1611 1056 1647 neque
1076 1599 1184 1635 illum
1224 1599 1274 1635 95

80 1655 203 1692 Flava
222 1654 340 1692 Ceres
360 1654 438 1691 alto
457 1653 717 1702 nequidquam
736 1659 883 1702 spectat
903 1652 1088 1702 Olymp03

80 1708 134 1745 Et
152 1708 231 1756 qui,
252 1707 442 1756 proscisso
460 1718 547 1756 quae
567 1707 726 1744 suscitat
747 1718 900 1754 aequore
919 1713 1041 1755 terga,

84 1761 235 1799 Rursus
254 1761 296 1797 in
315 1760 515 1809 obliquum
537 1772 648 1797 verso
666 1760 884 1809 perrumpit
903 1765 1043 1802 aratro,

83 1814 332 1863 Exercetque
350 1813 534 1862 frequens
552 1813 745 1859 tellurem,
765 1819 882 1861 atque
900 1813 1065 1861 imperat
1085 1812 1204 1849 arvis.

135 1866 308 1904 Humida
328 1866 492 1904 solstitia
511 1872 626 1915 atque
644 1866 791 1904 hiemes
810 1872 917 1903 orate
933 1878 1100 1909 serenaS,
1204 1867 1277 1901 100

81 1921 276 1969 Agricolae
293 1935 304 1964 3
321 1920 484 1957 hiberno
501 1919 697 1957 laetissima
716 1920 877 1969 pulvere
895 1919 1009 1963 farra,

83 1974 214 2011 Laetus
234 1986 327 2023 ager
346 1988 358 2017 ς
377 1973 484 2010 nullo
503 1978 654 2010 tantum
675 1985 716 2010 se
737 1973 867 2022 Mysia
885 1973 991 2009 cultu

78 2026 223 2072 jactat,
242 2034 280 2064 et
299 2027 383 2075 ipsa
403 2039 491 2063 suas
510 2027 700 2063 mirantur
722 2025 902 2074 Gargara
921 2038 1078 2063 messes.³

85 2079 192 2126 Quid
211 2081 348 2125 dicam,
362 2079 470 2127 jacto
487 2079 557 2128 qui
581 2081 726 2117 semine
745 2080 959 2116 comminus
980 2092 1073 2116 arva

83 2133 321 2181 Insequitur,
342 2133 593 2181 cumulosque
611 2133 690 2170 ruit
711 2133 810 2170 male
829 2133 986 2182 pinguis
1006 2143 1131 2169 arenae
1148 2131 1165 2168 ?
1207 2130 1277 2168 105

83 2184 237 2224 Deinde
257 2187 350 2224 satis
369 2186 534 2222 fluvium
554 2186 704 2224 inducit
723 2187 907 2234 rivosque
928 2192 1144 2233 sequentes,

85 2239 138 2276 Et
159 2253 278 2288 quum
298 2246 459 2277 exustus
479 2251 572 2288 ager
591 2239 843 2276 morientibus
863 2245 1000 2276 aestuat
1020 2239 1160 2283 herbis,

85 2292 189 2330 Ecce
209 2293 416 2340 supercilio
436 2292 573 2329 clivosi
594 2293 760 2329 tramitis
780 2292 921 2329 undam

86 2345 207 2383 Elicit
226 2345 242 2383 ?
261 2346 329 2383 illa
347 2346 487 2383 cadens
507 2358 665 2383 raucum
685 2358 754 2394 per
773 2346 874 2383 levia
893 2358 1068 2382 murmur

83 2397 191 2436 ‘Saxa
211 2399 298 2444 ciet,
320 2399 582 2448 scatebrisque
601 2399 749 2436 arentia
768 2405 958 2447 temperat
977 2412 1081 2436 arva.
1209 2401 1221 2435 l
1238 2400 1283 2435 IG

84 2451 210 2498 Quid,
230 2453 310 2502 qui,
333 2465 379 2490 ne
399 2453 571 2501 gravidis
592 2453 819 2501 procumbat
837 2453 987 2490 culmus
1004 2452 1150 2496 aristis,
