1414 2666
141 167 192 205 22
604 180 815 207 CARMINUM
834 180 861 208 1.

247 275 390 325 Sperne
408 276 584 316 dilectam
604 276 769 328 Cypron,
790 283 839 322 et,
862 276 1030 316 vocantis

249 329 353 367 Ture
371 335 410 368 te
429 331 561 378 multo,
579 331 764 378 Glycerae
783 331 956 368 decoram
1074 334 1077 337 ”

466 384 643 423 Transfer
657 385 697 422 in
716 385 861 429 aedem,

249 437 433 474 Fervidus
453 443 578 476 tecum
597 452 702 489 puer,
724 444 763 476 et
782 438 915 476 solutis

246 490 402 529 Gratiae
421 493 536 538 zonis,
557 499 833 543 properentque
854 491 1068 542 Nymphae,

246 543 308 590 Et,
330 557 462 594 parum
481 547 596 584 comis
616 547 696 584 sine
715 552 753 585 te
770 547 797 584 J
800 551 970 592 uventas,

463 601 760 650 Mercuriusque.

415 691 505 730 ODE
525 692 797 731 XXX1.-.Ad
809 691 1035 765 ffpollinem.

248 782 356 828 QUID
373 783 588 821 dedicatum
605 784 726 833 poscit
743 783 959 833 Apollinem

244 836 361 875 Vates
376 837 395 875 ἱ)
424 838 514 885 quid
530 842 624 882 orat,
646 838 694 874 de
714 841 844 886 patera
863 847 1004 873 novum

301 890 332 927 F
336 891 481 928 undens
500 891 681 939 liquorem
701 890 721 928 Ρ
750 902 827 927 non
842 890 984 940 opimas

358 944 554 982 Sardiniae
569 949 715 993 segetes
729 944 862 982 feracis
878 957 887 988 ;

245 998 335 1035 Non
355 1003 551 1036 aestuosae
568 1003 678 1048 grata
699 997 896 1036 Calabriae

246 1052 457 1096 Armenta3
488 1065 566 1090 non
586 1064 730 1097 aurum,
752 1056 818 1090 aut
838 1052 932 1089 ebul·
952 1051 1124 1088 Indicum
1145 1065 1157 1094 ;

300 1106 390 1143 Non
410 1118 509 1151 rura,
531 1119 627 1155 quae
644 1106 743 1143 Liris
763 1106 892 1155 quieta

358 1160 511 1197 Mordet
531 1172 638 1208 aqua,
659 1160 871 1198 taciturnus
890 1159 1025 1196 amnis.

248 1212 430 1251 Premant
450 1214 629 1251 Calenam
651 1214 756 1259 falce,
778 1213 914 1261 quibus
929 1212 1036 1250 dedit

246 1266 428 1313 Fortuna,
452 1267 567 1305 vitem
590 1281 598 1305 z
629 1267 734 1305 dives
753 1272 791 1304 et
806 1267 927 1304 aureis

311 1321 500 1359 Mercator
516 1321 677 1359 exsiccet
692 1321 838 1358 culullis

366 1374 468 1411 Vina
489 1374 584 1424 Syra
601 1379 775 1424 reparata
794 1386 929 1419 merce,

255 1427 328 1464 Dis
342 1440 450 1465 carus
464 1428 552 1477 ipsis
573 1441 582 1471 ;
613 1428 751 1477 quippe
772 1432 829 1465 ter
849 1432 887 1464 et
906 1431 1039 1476 quater

258 1482 373 1519 Anno
391 1481 556 1519 revisens
571 1493 711 1531 aequor
730 1481 967 1519 Atlanticum

312 1535 483 1585 Impune.
542 1535 606 1572 Me
625 1539 782 1585 pascant
800 1534 931 1580 olivae,

365 1589 429 1627 Me
446 1589 627 1635 cichorea,
649 1589 824 1637 levesque
840 1589 999 1627 malvae.

259 1642 348 1680 Frui
368 1643 507 1692 paratis
522 1648 560 1682 et
579 1643 705 1680 valido
726 1642 829 1688 mihi,

260 1697 392 1744 Latoe,
413 1697 545 1744 dones,
567 1710 623 1743 ac,
644 1709 788 1747 precor,
810 1696 962 1746 integra

313 1750 412 1789 Cum
430 1756 557 1790 mente
571 1765 583 1795 ;
610 1764 680 1788 nec
698 1756 847 1800 turpem
867 1755 1055 1789 senectam

365 1805 528 1855 Degere,
550 1818 619 1843 nec
638 1804 782 1843 cithara
796 1810 1000 1842 carentem.

450 1897 539 1935 ODE
569 1895 866 1934 XXXII.-—.Hd
890 1895 1044 1947 Lyram.

265 1989 485 2027 Poscnnm.
544 1988 691 2036 Siquid
709 1988 819 2025 vacui
838 1988 909 2024 sub
928 1987 1060 2024 umbra

264 2043 439 2081 Lusimus
453 2048 590 2088 tecum,
612 2042 714 2091 quod
729 2047 767 2080 et
785 2042 886 2079 hunc
903 2041 943 2078 in
963 2053 1104 2078 annum

264 2097 391 2144 Vivat,
411 2102 450 2135 et
467 2097 617 2146 plures;
648 2108 728 2144 age,
749 2096 810 2133 dic
831 2095 1022 2142 Latinum,

427 2151 593 2196 Barbite,
615 2163 777 2195 carmen,

264 2204 403 2243 Lesbio
422 2205 584 2254 primum
606 2203 799 2253 modulate
818 2203 891 2241 civi
912 2216 920 2240 :

268 2259 346 2305 Qui
364 2258 470 2296 ferox
490 2258 603 2304 bello,
622 2263 751 2295 tamen
761 2258 866 2296 inter
884 2269 1000 2302 arma,

266 2313 354 2350 Sive
368 2312 550 2362 jactatam
569 2312 750 2360 religarat
768 2311 845 2348 udo

430 2366 579 2403 Littore
597 2366 736 2411 navim,

270 2419 449 2458 Liberum
468 2426 507 2457 et
527 2419 667 2466 Musas,
684 2419 959 2468 Veneremque,
979 2423 1018 2456 et
1035 2416 1090 2455 illi

1284 1265 1336 1303 10

1286 1536 1335 1573 15
