1414 2666
153 137 206 175 84
606 149 819 177 CARMINUM
846 149 903 177 lv.

256 245 454 294 Nilusque,
477 250 515 284 et
535 246 653 291 Ister3
682 253 723 286 te
741 247 896 297 rapidus
916 246 1042 297 Tigris
1061 259 1071 292 3

311 298 368 336 Te
386 299 577 338 belluosus
596 301 661 349 qui
680 302 832 340 remotis

369 352 569 403 Obstrepit
590 353 766 392 Oceanus
788 354 983 392 Britannis
1003 367 1014 398 3

256 406 312 443 Te
331 418 410 443 non
429 407 602 456 paventis
619 408 754 446 funera
774 407 921 446 Galliae

255 459 461 509 Duraeque
480 461 593 499 tellus
612 462 720 500 audit
741 462 887 500 iberiae
903 476 912 499 ε

310 514 367 551 Te
387 514 501 552 caede
519 515 730 564 gaudentes
750 515 951 566 Sygambri

365 567 592 616 Compositis
611 577 841 608 venerantur
859 569 984 607 armis.

445 659 534 697 ODE
555 660 861 712 XV.—Au9usti
877 660 1039 700 Laudes.

253 739 442 776 PHOEBUS
463 739 652 778 volentem
672 741 814 790 proelia
832 753 892 777 me
910 739 1025 790 loqui,

253 793 384 830 Victas
405 799 442 830 et
461 795 587 838 urbes,
607 794 795 843 increpuit
813 794 909 844 lyra,

305 845 365 884 Ne
386 859 501 896 parva
522 847 767 897 Tyrrhenum
785 860 854 896 per
873 858 1014 895 aequor

355 900 451 937 Vela
471 900 611 938 darem.
670 901 766 947 Tua,
789 900 940 946 Caesar,
962 904 1066 938 aetas

252 953 399 1003 Fruges
419 960 457 992 et
476 954 577 1004 agris
596 955 728 992 retulit
746 956 895 1001 uberes,

249 1007 300 1045 Et
321 1009 428 1057 signa
446 1013 576 1046 nostro
595 1008 762 1046 restituit
781 1009 882 1054 Jovi,

307 1062 479 1111 Derepta
500 1062 729 1100 Parthorum
751 1063 921 1112 superbis

360 1116 550 1162 Postibus,
573 1122 611 1155 et
629 1129 791 1154 vacuum
809 1116 946 1154 duellis

251 1171 392 1207 Janum
415 1170 619 1214 Quirinum
639 1171 761 1216 clusit,
783 1176 821 1208 et
839 1170 1011 1207 ordinem

249 1225 412 1261 Rectum
435 1224 612 1272 evaganti
636 1224 743 1261 frena
760 1223 957 1262 Licentiae

302 1277 448 1325 Injecit,
471 1278 688 1326 emovitque
708 1278 848 1328 culpas,

356 1330 408 1368 Et
429 1337 573 1369 veteres
592 1332 783 1369 revocavit
802 1340 902 1369 artes
918 1345 927 1369 ε

248 1384 322 1422 Per
343 1397 434 1433 quas
455 1384 636 1422 Latinum
656 1397 795 1422 nomen
814 1390 852 1422 et
871 1385 990 1422 Italae

248 1439 410 1475 Crevere
429 1439 538 1484 vires,
559 1439 743 1487 famaque,
766 1445 804 1476 et
822 1439 956 1488 imperi

303 1492 483 1529 Porrecta
502 1493 677 1542 majestas
696 1492 744 1529 ad
765 1498 890 1530 ortum

355 1545 452 1583 Solis
471 1546 518 1583 ab
538 1546 726 1596 Hesperio
745 1546 874 1583 cubili.

245 1599 412 1637 Custode
431 1613 557 1637 rerum
578 1600 749 1646 Caesare,
770 1612 848 1637 non
867 1600 972 1638 furor

248 1653 377 1690 Civilis
397 1661 462 1691 aut
482 1654 537 1691 vis
556 1654 684 1703 exiget
703 1655 820 1692 otium
836 1668 845 1698 ;

304 1706 338 1743 N
345 1720 395 1743 on
414 1707 480 1751 ira,
504 1721 600 1756 quae
619 1708 795 1757 procudit
816 1721 935 1751 enses,

356 1759 409 1798 Et
428 1762 580 1798 miseras
600 1762 771 1800 inimicat
788 1763 914 1800 urbes.

240 1813 344 1860 Non,
366 1815 432 1863 qui
450 1816 680 1864 profundum
703 1815 923 1852 Danubium
945 1816 1092 1862 bibunt,

245 1868 384 1906 Edicta
404 1874 580 1918 rumpent
600 1869 704 1906 Julia
721 1881 728 1905 :
760 1881 837 1905 non
859 1869 992 1914 Getae,

298 1921 388 1958 Non
410 1922 530 1966 Seres,
551 1923 706 1959 infidive
725 1921 874 1966 Persae,

340 1974 430 2012 Non
450 1975 595 2012 TanaIn
615 1988 731 2025 prope
749 1976 889 2013 flumen
909 1976 997 2014 orti.

235 2028 391 2078 Nosque
408 2036 447 2067 et
467 2029 640 2079 profestis
659 2030 806 2067 lucibus
825 2036 863 2068 et
882 2030 1006 2076 sacris,

241 2083 347 2119 Inter
360 2082 482 2131 jocosi
500 2096 656 2120 munera
671 2083 813 2128 Liberi,

289 2136 386 2173 Cum
405 2137 509 2186 prole
528 2138 784 2186 matronisque
802 2137 952 2183 nostris,

342 2190 434 2228 Rite
453 2191 543 2228 deos
557 2191 661 2240 prius
681 2191 885 2241 apprecafi,

236 2243 393 2282 Virtute
411 2244 574 2290 functos,
594 2257 699 2282 more
717 2251 880 2294 patrum,
902 2244 1028 2290 duces,

236 2297 357 2348 Lydis
377 2298 538 2335 remixto
558 2298 722 2335 carmine
735 2299 849 2342 tibiis,

288 2350 528 2400 Trojamque,
550 2358 588 2390 et
606 2352 813 2398 Anchisen,
836 2358 874 2390 et
893 2352 1012 2390 almae

338 2403 565 2453 Progeniem
588 2405 758 2451 Veneris,
779 2418 968 2444 canemus.

613 2479 690 2502 THE
714 2479 801 2502 END.

1283 463 1335 502 50

1304 958 1328 995 Car

1278 1223 1330 1261 10

1265 2297 1318 2335 30
