1475 2712
465 202 542 229 AEN
544 201 659 230 EIDOS
687 200 749 228 111.
1142 196 1192 236 47

26 297 215 337 Continuo
234 299 335 336 venti
353 298 507 336 volvunt
525 308 638 342 mare,
658 309 866 347 magnaque
885 306 1044 347 surgunt
1118 301 1192 339 196

20 352 206 400 Aequora.
265 351 431 401 Dispersi
444 351 631 400 jactamur
649 352 801 400 gurgite
821 358 935 389 vasto.

25 403 220 442 Involvere
240 405 337 442 diem
357 404 484 448 nimbi,
504 409 540 441 et
559 416 635 440 nox
655 404 808 441 humida
826 404 969 441 coelum

21 457 191 496 Abstulit
210 471 218 496 ε
249 458 480 506 ingeminant
497 457 664 506 abruptis
685 458 844 494 nubibus
864 457 979 506 ignes.

22 509 244 548 Excutimur
262 524 383 557 cursu,
404 516 442 548 et
461 510 576 547 caecis
596 523 760 547 erramus
779 511 818 547 in
838 511 963 548 undis.
1116 511 1193 548 200

22 563 105 613 Ipse
123 564 219 601 diem
239 569 459 612 noctemque
478 569 592 612 negat
611 564 821 601 discernere
840 564 954 609 coelo,

20 617 101 654 Nec
120 617 326 654 meminisse
345 618 424 654 viae
443 617 576 661 media,
599 617 808 661 Palinurus,
830 617 867 653 in
887 618 1000 654 unda.

23 669 107 707 Tris
125 670 229 715 adeo,
249 671 412 708 incertos
431 682 540 707 caeca
559 671 728 719 caligine,
751 671 845 707 soles

22 722 196 761 Erramus
214 724 370 772 pelago;
391 724 546 761 totidem
567 725 645 760 sine
665 724 784 761 sidere
803 729 931 761 noctes

21 775 167 821 Quarto
186 781 285 814 terra
299 777 360 814 die
379 777 536 826 primum
557 790 595 814 se
608 778 779 814 attollere
799 778 951 815 tandem
1109 779 1188 816 205

20 829 122 876 Visa,
143 830 284 879 aperire
302 830 432 880 proc-ul
451 831 598 874 montis,
620 843 662 867 ac
682 832 829 868 volvere
848 831 1003 867 sumum.

21 882 115 920 Vela
134 883 273 921 cadunt
291 897 300 921 ε
329 883 439 921 remis
458 884 682 932 insurgimus
701 896 710 920 t
738 885 840 921 haud
860 897 974 929 mora,
998 889 1132 923 nautae

19 936 163 974 Adnixi
182 941 360 986 torquent
379 950 539 986 spumas,
561 943 598 975 et
617 938 764 974 caerula
780 943 946 975 verrunt.

23 989 217 1027 Servatum
237 1003 283 1027 ex
302 991 422 1035 undis,
446 990 696 1040 Strophadum
717 1004 775 1028 me
795 991 920 1029 littora
940 991 1097 1041 primum

21 1042 225 1092 Accipiunt
245 1056 253 1081 ε
284 1043 511 1093 Strophades
533 1044 648 1081 Graio
667 1050 768 1082 stant
788 1045 938 1081 nomine
956 1045 1079 1083 dictae
1115 1045 1192 1083 210

21 1095 169 1134 Insulae
190 1096 294 1134 Ionio
314 1097 351 1133 in
372 1110 508 1146 magno
527 1111 536 1141 ;
566 1111 657 1146 quas
678 1099 758 1134 dira
779 1098 952 1143 Celaeno,

21 1149 286 1200 Harpyiaeque
304 1150 433 1188 colunt
452 1151 556 1196 aliae,
579 1151 734 1187 Phineia
753 1156 947 1200 postquam

23 1203 158 1241 Clausa
176 1203 318 1249 domus,
341 1216 558 1253 mensasque
577 1210 676 1241 metu
697 1205 835 1252 liquere
854 1204 1007 1253 priores.

24 1256 182 1294 Tristius
200 1256 301 1293 haud
321 1257 393 1294 illis
412 1264 632 1303 monstrum,
653 1271 721 1295 nec
741 1257 882 1294 saevior
902 1257 978 1295 ulla

23 1309 143 1348 Pestis
162 1315 200 1348 et
217 1309 273 1347 ira
291 1310 414 1356 desim,
435 1311 576 1360 Stygiis
596 1324 674 1348 sese
694 1311 828 1348 extulit
848 1310 973 1348 undis.
1114 1312 1190 1350 215

21 1363 190 1413 Virginei
209 1363 399 1402 volucrum
419 1365 552 1409 voltus,
568 1365 779 1402 foedissima
798 1364 937 1403 ventris
977 1389 982 1393 x

18 1416 223 1463 Proluvies,
243 1430 434 1467 uncaeque
453 1431 596 1464 manus,
616 1424 654 1457 et
673 1418 812 1468 pallida
830 1430 976 1468 semper

21 1469 99 1509 Ora
117 1471 223 1508 fame.

73 1523 160 1562 Huc
180 1524 243 1562 ubi
262 1524 377 1564 delati
395 1530 524 1576 portus
542 1527 763 1565 intravimus
779 1539 787 1570 ;
816 1527 924 1565 ecce!

20 1577 137 1616 Laeta
154 1579 267 1616 boum
285 1580 420 1628 passim
439 1581 577 1630 campis
596 1585 763 1619 armenta
783 1581 962 1624 videmus,
1114 1579 1192 1617 220

21 1631 348 1682 Caprigenumque
365 1645 489 1682 pecus,
512 1635 614 1672 nullo
633 1635 799 1676 custode,
821 1647 886 1683 per
905 1634 1050 1671 herbas.

17 1685 198 1723 Irruimus
217 1685 336 1731 ferro;
366 1691 403 1725 et
423 1687 527 1725 divos
546 1688 740 1737 ipsumque
759 1701 930 1725 vocamus

20 1738 65 1775 In
83 1744 226 1788 partem
245 1738 493 1789 praedamque
512 1741 538 1778 J
541 1754 657 1779 ovem.
716 1741 812 1777 Tum
833 1741 959 1778 littore
978 1753 1104 1779 curvo-

23 1791 330 1841 Exstruimusque
349 1798 461 1840 toros,
483 1794 711 1843 dapibusque
731 1794 924 1843 epulamur
942 1794 1084 1844 opimis.

19 1846 72 1883 At
90 1846 235 1884 subitae
254 1846 426 1884 horrifico
445 1848 551 1897 lapsu
571 1849 618 1884 de
638 1848 826 1886 montibus
845 1848 983 1886 adsunt
1115 1846 1192 1885 225

20 1898 222 1949 Harpyiae,
244 1904 282 1938 et
300 1901 444 1949 magnis
463 1902 638 1949 quatiunt
657 1901 894 1950 clangoribus
914 1902 989 1939 alas
1008 1915 1017 1946 ;

22 1951 290 2002 Diripiantque
302 1954 427 2003 dapes,
448 1955 698 2002 contactuque
718 1956 841 1992 onmia
859 1955 1013 1993 foedant

21 2004 218 2044 Immundo
237 2019 247 2044 :
277 2011 357 2045 tum
376 2020 450 2044 vox
468 2012 607 2046 tetrum
626 2008 707 2045 dira
725 2008 822 2045 inter
841 2009 1004 2046 odorem.

21 2058 187 2097 Rursum
206 2059 246 2097 in
264 2073 408 2097 secessu
427 2061 553 2110 longo,
572 2063 642 2098 sub
660 2074 752 2110 rupe
771 2067 911 2107 cavata,

20 2113 230 2150 Arboribus
248 2113 363 2150 clausi
381 2113 531 2160 circum,
553 2120 664 2163 atque
682 2115 922 2153 horrentibus
941 2114 1093 2161 umbris,
1115 2114 1193 2152 230

23 2165 246 2204 Instruimus
261 2179 415 2214 mensas,
437 2168 581 2216 arisque
598 2168 811 2217 reponimus
829 2169 967 2216 ignem.

21 2218 198 2266 Rursum,
219 2233 266 2257 ex
286 2220 431 2258 diverso
450 2222 555 2266 coeli,
576 2222 766 2269 caecisque
785 2221 947 2267 latebris,

19 2272 149 2310 Turba
168 2286 303 2310 sonans
323 2274 498 2323 praedam
516 2275 673 2323 pedibus
691 2275 932 2312 circumvolat
952 2273 1068 2320 uncis,

20 2325 161 2365 Polluit
180 2339 244 2364 ore
263 2327 387 2375 dapes.
445 2327 563 2365 Sociis
582 2334 684 2374 tunc,
705 2341 806 2365 arma
825 2333 1030 2377 capessant,

21 2379 152 2426 Edico,
172 2384 210 2418 et
229 2380 310 2418 dira
328 2380 466 2418 bellum
485 2393 569 2418 cum
586 2387 701 2430 gente
719 2382 937 2431 gerendum.
1116 2382 1193 2421 235

19 2431 137 2471 Haud
155 2446 259 2472 secus
277 2446 321 2472 ac
333 2433 429 2482 jussi
445 2434 599 2482 faciunt,
620 2441 812 2484 tectosque
831 2448 895 2485 per
913 2435 1065 2474 herbam
