1414 2666
228 179 278 216 48
622 189 658 214 Ρ.
687 189 812 216 ovinn
838 190 998 216 sAsoxis
1299 181 1408 233 [Lm.-

222 290 258 325 A
279 293 315 325 te
334 285 555 336 principium
576 285 748 324 Romano
767 287 936 324 ducimus
953 299 1052 325 anno
1073 301 1082 325 :

275 341 420 378 Primus
438 339 485 376 de
502 340 625 388 patrio
643 341 792 378 nomine
811 341 945 378 mensis
964 347 1037 378 eat.

221 395 306 432 Vox
324 403 406 432 rata
423 393 478 439 fit,
498 394 694 442 patrioque
711 400 820 432 vocat
839 395 887 431 de
904 394 1056 432 nomine
1074 407 1252 434 mensem.

274 449 423 486 Dicitur
441 447 520 484 haec
538 447 655 497 pietas
673 453 782 496 grata
807 448 921 486 fuisse
939 448 1024 486 deo.

221 502 271 540 Et
290 509 416 539 tamen
434 506 523 539 ante
541 513 669 538 omnes
688 502 848 540 Martem
867 502 1017 540 coluere
1035 503 1175 552 priores
1189 517 1200 548 3

271 556 357 593 Hoc
377 555 533 593 dederat
551 555 685 592 studiis
705 556 837 593 bellica
855 556 968 594 turba
985 557 1074 594 suis.
1337 559 1388 596 80

219 610 372 647 Pallada
393 608 619 658 Cecropidae,
641 609 784 647 Minoia
803 609 917 649 Creta
934 609 1110 657 Dianam,

271 663 482 701 Vulcanum
501 663 613 700 tellus
631 663 868 713 Hypsipylea
887 664 976 702 colit
992 677 1000 701 :

216 718 240 755 J
246 730 405 755 unonem
426 717 570 766 Sparte,
592 716 906 766 Pelopeiadesque
924 718 1118 767 Mycenae:

272 772 487 820 Pinigerum
508 770 628 807 Fauni
647 771 814 808 Maenalis
833 784 900 808 ora
917 778 1043 820 caput.
1405 814 1409 818 Α

218 827 318 863 Mars
339 825 449 862 Latio
468 825 703 861 venerandus
722 831 813 870 erat,
834 824 922 874 quia
941 825 1116 873 praesidet
1132 826 1254 864 armis.
1340 828 1390 866 85

270 880 386 916 Arma
404 878 490 915 ferae
508 878 614 927 genti
632 890 785 926 remque
803 878 995 927 decusque
1025 879 1179 918 dabant.

218 933 331 978 Quod
351 933 381 969 si
398 932 494 969 forte
512 944 630 976 vacas,
650 933 867 981 peregrinos
884 932 1025 982 inspice
1041 932 1155 971 fastos
1170 947 1179 977 ;

271 987 411 1024 Mensis
427 987 465 1022 in
485 985 542 1023 his
561 986 673 1023 etiam
692 986 843 1023 nomine
858 986 992 1024 Martis
1010 987 1092 1025 erit.

221 1042 369 1078 Tertius
389 1040 556 1085 Albanis,
578 1040 732 1089 quintus
749 1039 822 1078 fuit
839 1039 903 1077 ille
922 1040 1074 1089 Faliscis
1094 1053 1102 1078 :

273 1096 411 1132 Sextus
431 1094 530 1143 apud
549 1094 718 1143 populos,
739 1093 906 1131 Hernica
924 1100 1036 1139 terra,
1055 1101 1151 1132 tuos.
1339 1097 1389 1136 90

221 1149 324 1186 Inter
344 1147 530 1193 Aricinos,
552 1148 772 1196 Albanaque
790 1153 959 1197 tempora
977 1155 1160 1194 constant,

274 1202 461 1251 Factaque
482 1202 663 1250 Telegoni
682 1202 817 1239 moenia
834 1202 931 1238 celsa
950 1215 1076 1238 manu.

223 1256 409 1301 Quintum
430 1255 648 1301 Laurentes,
666 1255 723 1292 bis
742 1256 913 1304 quintum
931 1255 1294 1306 AEquicolus'asper‚-

273 1311 309 1346 A
328 1310 448 1347 tribus
462 1310 563 1346 hunc
581 1309 742 1358 primum
755 1310 867 1347 turba
886 1309 1063 1346 Curensis
1082 1309 1208 1348 habet..

220 1365 269 1402 Et
288 1364 357 1402 tibi
376 1376 460 1400 cum
478 1363 636 1412 proavis,
657 1363 761 1400 miles
780 1362 947 1412 Peligne,
969 1362 1118 1400 Sabinis
1338 1366 1388 1404 95

274 1418 460 1455 Convenit
476 1431 484 1454 :
514 1417 574 1453 hic
592 1417 692 1464 genti
711 1422 865 1465 quartus
883 1416 1032 1464 utrique
1050 1416 1155 1453 deus.

216 1471 415 1517 Romulus,
432 1471 499 1507 hos
519 1483 646 1508 omnes
665 1476 708 1508 ut
726 1470 893 1508 vinceret
911 1470 1042 1507 ordine
1063 1471 1204 1517 saltem,

270 1525 470 1574 Sanguinis
488 1524 632 1562 auctori
648 1529 817 1574 tempora
834 1524 953 1574 prima
972 1524 1090 1562 dedit.

216 1580 296 1618 Nec
316 1579 472 1617 totidem
491 1584 645 1623 veteres,
667 1585 758 1627 quot
775 1590 888 1624 nunc,
908 1579 1071 1615 habuere
1092 1577 1293 1617 Kalendas.

270 1633 339 1671 Ille
357 1633 478 1670 minor
496 1632 655 1680 geminis
672 1632 860 1669 mensibus
879 1645 1000 1669 annus
1018 1642 1112 1670 erat.
1313 1634 1388 1671 100

218 1688 398 1725 Nondum
417 1686 626 1724 tradideras
645 1685 761 1724 victas
779 1686 982 1724 victoribus
1001 1694 1112 1731 artes,

272 1742 430 1786 Graecia,
451 1740 651 1777 facundum
671 1740 737 1777 sed
754 1739 850 1777 male
868 1740 964 1777 forte
982 1752 1114 1788 genus.

218 1796 294 1841 Qui
312 1797 407 1832 bene
426 1794 631 1844 pugnabat,
653 1794 862 1830 Romanam
881 1799 1037 1831 noverat
1055 1801 1172 1831 artem
1193 1808 1201 1831 :

268 1849 422 1887 Mittere
440 1848 504 1897 qui
523 1853 671 1897 poterat
689 1848 774 1896 pila,
796 1847 955 1885 disertus
974 1854 1066 1884 erat.

218 1905 312 1951 Quis
330 1908 422 1940 tunc
441 1908 506 1939 aut
525 1901 693 1951 Hyadas,
715 1907 781 1939 aut
801 1900 972 1938 Pleiadas
988 1901 1184 1938 Atlanteas
1309 1903 1384 1941 105

268 1958 453 2001 Senserat,
474 1963 539 1993 aut
557 1955 725 2003 geminos
743 1967 823 1992 esse
841 1955 911 1992 sub
929 1967 998 1991 axe
1018 1954 1121 2004 polos
1135 1954 1155 1991 ἶ)

216 2013 307 2050 Esse
326 2011 418 2047 duas
438 2009 585 2054 Arctos,
602 2020 758 2057 quarum
779 2008 974 2058 Cynosura
993 2018 1141 2056 petatur

265 2064 438 2109 Sidoniis,
460 2062 618 2100 Helicen
641 2062 755 2099 Graia
773 2063 898 2099 carina
915 2069 1021 2100 notet
1036 2061 1055 2099 ἶ)

213 2121 412 2170 Signaque,
434 2128 515 2166 quae
529 2117 644 2166 longo
662 2116 776 2154 frater
794 2123 1010 2165 percenseat
1029 2128 1139 2162 anno,

264 2174 324 2211 Ire
341 2184 406 2222 per
420 2171 500 2208 haee
518 2183 596 2208 uno
613 2182 739 2207 mense
757 2170 892 2207 sororis
910 2182 1025 2219 equos
1039 2169 1058 2206 Ρ
1304 2170 1380 2207 110

211 2227 349 2265 Libera
367 2225 578 2270 currebant,
594 2229 632 2262 et
650 2224 887 2262 inobservata
904 2236 971 2273 per
990 2236 1128 2260 annum

261 2281 414 2319 Sidera:
444 2279 640 2317 constabat
659 2278 724 2315 sed
742 2283 867 2315 tamen
885 2290 964 2314 esse
982 2277 1082 2314 deos.

208 2335 296 2372 Non
316 2334 371 2371 illi
390 2333 482 2370 coelo
499 2332 665 2370 labentia
682 2332 789 2380 signa
807 2331 1017 2374 movebant,

261 2388 336 2426 Sed
355 2399 444 2431 sua3
465 2398 545 2435 quae
565 2398 742 2435 magnum
760 2385 916 2434 perdere
935 2385 1073 2422 crimen
1093 2392 1186 2422 erat.

207 2443 276 2480 Illa
295 2440 444 2490 quidem
463 2441 562 2478 foeno
577 2453 586 2478 :
615 2440 680 2477 sed
699 2448 779 2477 erat
796 2439 1003 2476 reverentia
1020 2438 1129 2485 foeno,
1303 2439 1378 2476 115
