1414 2666
69 214 119 250 36
362 211 407 249 P.
439 211 689 250 VIRGILH
720 211 981 250 MARONIS
1154 208 1266 262 [Lm.

73 319 281 363 Tellurem,
302 324 340 356 et
357 319 477 356 solido
496 320 669 366 graviter
687 325 796 356 sonat
816 319 963 367 ungula
981 331 1114 356 cornu.

71 373 178 410 Talis
200 373 388 423 Amyclaei
409 373 576 409 domitus
596 373 765 410 Pollucis
785 373 945 410 habenis

73 426 266 475 Cyllarus,
286 435 324 463 et
343 439 508 475 quorum
531 426 643 463 Graii
664 428 872 464 meminere
892 429 1032 474 poetae,
1213 427 1267 463 90

72 480 213 516 Martis
233 481 321 527 equi
342 479 504 528 bijuges,
526 486 565 517 et
585 481 715 529 magni
735 493 871 517 currus
893 480 1058 517 Achilli:

72 534 180 571 Talis
200 539 237 570 et
258 534 340 582 ipse
354 533 491 581 jubam
512 534 662 571 cervice
683 534 819 571 effudit
840 534 982 581 equina

72 586 264 635 Conjugis
285 588 455 623 adventu
477 588 615 635 pernix
639 588 843 633 Saturnus,
864 594 901 624 et
921 588 1043 625 altum

69 640 206 677 Pelion
227 641 382 678 hinnitu
404 641 558 689 fugiens
578 641 754 689 implevit
773 647 898 678 acuto.

125 694 244 731 Hunc
263 707 427 743 quoque,
447 695 512 731 ubi
533 702 600 732 aut
620 696 752 732 morbo
770 695 916 744 gravis,
932 700 999 731 aut
1012 692 1096 741 jam
1110 692 1268 742 segnior

179 748 290 785 annis
1214 747 1265 785 95

70 798 223 845 Deficit,
246 802 344 839 abde
363 802 474 838 domo
482 816 491 845 ;
520 814 591 839 nec
611 802 716 850 turpi
736 802 892 851 ignosce
911 807 1087 838 senectae.

71 854 256 903 Frigidus
275 855 315 891 in
338 855 532 892 Venerem
552 856 690 899 senior,
713 854 936 903 frustraque
954 855 1124 891 laborem

70 908 276 956 Ingratum
294 909 431 951 trahit;
454 916 503 953 et,
526 909 558 944 si
578 909 731 957 quando
751 909 798 946 ad
817 908 952 957 proelia
974 914 1132 944 ventum
1152 912 1221 952 est,

72 961 131 999 Ut
150 963 342 1010 quondum
364 962 404 997 in
425 962 578 1009 stipulis
598 975 761 1010 magnus
781 963 864 1000 sine
884 962 1034 999 viribus
1053 961 1168 1009 ignis,

70 1014 274 1052 Incassum
298 1015 406 1052 furit.
463 1015 570 1064 Ergo
591 1016 738 1052 animos
759 1028 962 1065 oevumque
981 1015 1134 1052 notabis
1197 1015 1275 1053 100

69 1068 289 1117 Principum
310 1069 400 1106 hine
421 1069 514 1106 alias
534 1076 650 1115 artes,
670 1070 892 1118 prolemque
913 1076 1129 1118 parentum,

70 1121 124 1158 Et
143 1124 230 1171 quis
249 1123 389 1171 cuique
409 1123 517 1160 dolor
537 1124 651 1168 victo,
673 1135 758 1172 qum
778 1123 900 1172 gloria
920 1123 1068 1172 palmae.

70 1175 213 1213 Nonne
234 1177 353 1220 vides,
375 1189 463 1213 cum
482 1178 671 1225 praecipiti
693 1177 902 1214 certamine
921 1189 1098 1226 campum

72 1228 317 1278 Corripuere,
338 1236 534 1278 ruuntque
554 1231 667 1267 effusi
687 1243 839 1267 carcere
860 1243 1014 1273 currus;

75 1281 176 1320 Cum
195 1296 282 1332 spes
302 1290 459 1320 arreotae
483 1283 687 1332 juvenum,
703 1284 1015 1332 exsultantiaque
1034 1282 1164 1320 haurit
1196 1283 1270 1319 105

72 1335 199 1374 Corda
220 1350 340 1386 pavor
360 1337 533 1385 pulsans:
554 1338 612 1374 illi
632 1338 778 1374 instant
798 1339 960 1375 verbere
979 1343 1093 1382 torto,

70 1390 123 1426 Et
145 1391 254 1439 proni
275 1392 368 1427 dant
388 1391 486 1434 lora3
506 1392 611 1428 volat
631 1392 670 1428 vi
692 1391 867 1428 fervidus
887 1391 986 1437 axis3

71 1443 241 1493 Jamque
260 1444 438 1489 humiles,
460 1444 620 1493 jamque
640 1445 731 1482 elati
752 1445 916 1482 sublime
936 1444 1119 1481 videntur

72 1497 184 1535 Aera
203 1511 272 1547 per
294 1510 456 1534 vacuum
476 1497 571 1535 ferri
591 1504 707 1547 atque
726 1499 935 1547 adsurgere
954 1498 994 1534 in
1014 1509 1144 1542 auras3

72 1551 157 1589 Nec
178 1565 293 1596 mora,
316 1564 386 1588 nec
405 1552 576 1600 requies;
605 1558 645 1589 at
667 1552 785 1589 fulvae
805 1553 959 1589 nimbus
979 1562 1106 1589 arenae
1193 1551 1271 1587 110

74 1605 254 1651 Tollitur,
277 1606 509 1642 humescunt
529 1606 675 1654 spumis
694 1606 866 1654 flatuque
884 1611 1132 1654 sequentum3

73 1658 225 1695 Tantus
244 1671 351 1695 amor
370 1659 540 1704 laudum,
563 1666 680 1696 tantae
701 1666 760 1697 est
779 1660 943 1697 victoria
962 1671 1076 1696 curae.

72 1712 230 1749 Primus
246 1712 528 1750 Erichthonius
548 1724 686 1750 currus
706 1719 745 1751 et
764 1720 931 1762 quatuor
949 1724 1066 1750 ausus

71 1765 101 1803 J
105 1779 249 1815 ungere
269 1778 398 1814 equos,
420 1767 655 1816 rapidusque
674 1768 770 1804 rotis
790 1768 968 1804 insistere
987 1766 1124 1803 victor.

71 1819 200 1856 Frena
219 1820 460 1857 Pelethronii
479 1820 658 1869 Lapithae
676 1833 869 1869 gyrosque
889 1820 1041 1864 dedere,
1195 1820 1269 1857 1115

71 1873 251 1922 Impositi
271 1874 394 1918 dorso,
417 1879 532 1921 atque
552 1876 720 1922 equitem
741 1875 905 1911 docuere
925 1874 998 1910 sub
1018 1871 1136 1910 armis

72 1927 268 1964 Insultare
288 1927 368 1963 solo
389 1933 426 1963 et
444 1940 600 1975 gressus
620 1928 834 1975 glomerare
854 1928 1054 1976 superbos.

73 1980 229 2029 AEquus
250 1986 413 2027 uterque
432 1980 540 2017 labor
548 1995 557 2024 ;
578 1993 686 2029 aeque
699 1980 962 2029 juvenemque
982 1978 1166 2028 magistri-

72 2034 301 2082 Exquirunt
320 2033 563 2083 calidumque
583 2035 721 2071 animis
741 2040 779 2071 et
799 2034 976 2071 cursibus
996 2046 1151 2083 acrem;·

74 2086 262 2133 Quamvis
281 2100 380 2136 saepe
399 2086 492 2136 fuga
512 2101 643 2125 versos
662 2088 727 2125 ille
748 2089 872 2137 egerit
891 2088 1032 2131 hostes,
1193 2089 1270 2124 120

71 2141 124 2178 Et
145 2141 309 2189 patriam
329 2139 495 2190 Epirum
515 2140 657 2179 referat
678 2141 873 2190 fortesque
894 2141 1094 2191 Mycenas,

71 2194 326 2244 Neptunique
345 2195 428 2243 ipsa
449 2195 612 2232 deducat
633 2195 783 2244 origine
802 2200 969 2244 gentem.

127 2248 202 2285 His
223 2249 502 2287 animadversis
519 2249 666 2286 instant
686 2250 757 2285 sub
777 2254 940 2297 tempus,
962 2254 1000 2292 et
1020 2260 1152 2286 omnes

72 2300 233 2349 Impend
242 2308 309 2338 unt
328 2315 439 2340 curas
459 2303 576 2340 denso
596 2303 814 2340 distendere
833 2302 981 2351 pingui,

75 2353 200 2400 Quem
219 2355 349 2404 legere
368 2357 504 2394 (lucem
524 2362 562 2393 et
581 2357 712 2406 pecori
732 2356 867 2393 dixere
885 2355 1066 2392 maritum
1074 2369 1085 2399 3
1193 2355 1267 2391 125

73 2407 350 2457 Florentesque
369 2416 500 2447 secant
519 2410 669 2454 herbas,
691 2409 908 2457 fluviosque
927 2409 1149 2446 ministrant

72 2460 283 2511 Farraque,
304 2475 351 2500 ne
372 2463 512 2501 b¹ando
533 2469 698 2511 nequeat
717 2474 915 2511 superesse
935 2462 1070 2507 labori,
