1475 2712
538 198 730 226 AENEIDOS
749 198 776 225 1.
1210 188 1234 226 9

91 295 189 340 Quid
211 296 326 334 Troes
344 300 495 346 potuere
506 294 525 332 P
552 295 695 343 quibus,
714 299 771 333 tot
787 295 915 333 funera
933 296 1058 345 passis,

90 349 255 388 Cunetus
273 351 321 387 ob
341 350 481 388 Italiam
499 353 679 386 terrarum
698 349 882 386 clauditur
900 350 1011 386 orbis.

91 402 201 441 Certe
219 403 304 441 hinc
326 403 510 440 Romanos
524 402 623 448 olim,
643 403 876 440 volventibus
894 403 1011 448 annis,

89 455 190 494 Hinc
208 457 286 494 fore
303 457 484 499 ductores,
503 461 674 493 revocato
693 469 714 493 a
732 457 912 504 sanguine
933 457 1080 502 Teucri,

91 508 167 554 Qui
186 523 297 557 mare,
316 510 378 560 qui
393 515 508 547 terras
527 510 626 546 omni
645 510 786 546 ditione
805 516 986 553 tenerent,
1162 510 1239 548 240

92 562 294 602 Pollicitus.
351 564 456 608 Quae
476 568 523 607 te,
545 563 714 607 Genitor,
735 564 920 600 sententia
937 564 1081 602 vertit?

90 615 175 654 Hoc
193 617 361 667 equidem
380 629 546 654 oceasum
568 616 714 665 Trojae,
734 617 921 665 tristisque
940 618 1075 663 ruinas,

91 670 253 716 solabar,
273 671 356 708 fatis
375 671 558 708 contraria
576 670 651 707 fata
669 671 874 719 rependens
891 684 899 707 :

90 724 200 760 Nunc
217 725 342 762 eadem
360 724 509 761 fortuna
523 724 631 768 viros,
652 729 709 761 tot
728 725 871 761 casibus
889 731 1000 768 actos,

90 776 310 826 Insequitur.
341 778 461 823 Quem
473 778 538 814 das
552 778 675 821 finem,
691 778 773 814 Rex
788 790 930 825 magne,
952 778 1117 815 laborum
1133 779 1152 816 ἒ)
1168 779 1244 816 245

90 831 260 868 Antenor
276 832 411 881 potuit,
430 831 558 868 mediis
577 831 721 879 elapsus
741 831 902 875 Achivis,

93 884 257 933 Illyricos
276 891 468 934 penetrare
487 885 588 922 sinus
607 890 719 933 atque
736 885 865 922 intima
877 890 980 922 tutus

94 938 227 986 Regna
246 939 506 984 Liburnorum,
526 945 563 975 et
581 938 719 975 fontem
739 950 911 987 superare
928 938 1070 975 Timavi
1086 952 1094 977 :

94 991 202 1029 Unde
219 1005 284 1042 per
303 1005 366 1029 ora
384 1005 515 1029 novem
534 999 638 1029 vasto
652 1005 734 1028 cum
754 1005 940 1029 murmure
958 993 1093 1030 montis

92 1044 126 1082 It
145 1058 244 1082 mare
262 1053 490 1094 proruptum,
512 1050 549 1082 et
567 1046 699 1094 pelago
718 1046 851 1094 premit
870 1058 956 1082 arva
974 1047 1131 1084 sonanti.
1170 1046 1248 1083 250

88 1098 162 1135 Hic
181 1104 303 1136 tamen
323 1099 384 1135 ille
403 1100 529 1135 urbem
552 1099 691 1143 Patavi,
713 1099 890 1147 sedesque
909 1099 1043 1136 locavit

90 1151 327 1197 Teucrorum,
349 1158 386 1190 et
403 1152 508 1200 genti
526 1165 660 1189 nomen
679 1152 792 1196 dedit,
815 1165 987 1201 armaque
1006 1153 1088 1190 fixit

92 1205 227 1252 Troia3
256 1219 354 1243 nunc
374 1206 517 1255 placida
535 1213 744 1254 compostus
758 1218 846 1254 pace
866 1206 1034 1254 quiescit.

89 1258 178 1303 Nos,
199 1264 262 1297 tua
280 1260 486 1308 progenies,
508 1259 598 1296 coeli
614 1260 747 1308 quibus
767 1260 899 1296 annuis
919 1272 1052 1303 arcein,

89 1312 265 1358 Navibus,
284 1313 497 1350 infandum!
528 1313 677 1357 amissis,
699 1313 807 1350 unius
826 1314 873 1350 ob
889 1313 981 1349 iram
1169 1313 1246 1350 255

91 1366 297 1409 Prodimur,
318 1374 428 1415 atque
445 1367 546 1404 Italis
560 1367 671 1415 longe
690 1366 935 1415 disjungimur
955 1365 1038 1402 oris.

90 1419 162 1457 Hic
183 1421 327 1468 pietatis
347 1420 495 1458 honos?
523 1420 573 1457 sic
592 1433 658 1457 nos
677 1420 715 1456 in
735 1427 878 1469 sceptra
897 1419 1043 1468 reponis
1057 1417 1076 1455 ⁴?

141 1474 214 1510 Olli
232 1474 423 1511 subridens
438 1474 627 1510 hominum
646 1479 744 1511 sator
764 1479 874 1522 atque
893 1474 1047 1509 deorum

89 1527 215 1570 Voltu‚
241 1541 314 1576 quo
333 1528 474 1564 coelum
493 1532 804 1576 tempestatesque
823 1532 979 1571 serenat,

89 1581 225 1618 Oscula
244 1582 371 1618 libavit
390 1589 522 1625 natae3
551 1581 686 1617 dehinc
705 1581 793 1618 talia
810 1581 909 1618 fatur
928 1594 937 1617 t
1172 1577 1249 1616 260

89 1634 203 1672 Parce
220 1641 330 1679 metu,
354 1635 558 1684 Cytherea3
589 1639 738 1671 manent
754 1634 907 1676 immota
925 1640 1074 1671 tuorum

88 1687 180 1725 Fata
198 1689 286 1732 tibi;
316 1701 439 1725 cernes
458 1689 584 1724 urbem
603 1693 640 1725 et
659 1688 835 1736 promissa
855 1688 987 1724 Lavini

46 1787 47 1790 Ἴ
89 1741 246 1786 Moenia,
268 1743 531 1790 sublimemque
549 1742 642 1778 feres
661 1742 709 1778 ad
728 1742 848 1778 sidera
865 1742 957 1777 coeli

91 1795 368 1843 Magnanimum
390 1796 567 1832 Aenean:
597 1808 717 1844 neque
737 1808 794 1832 me
813 1795 999 1832 sententia
1018 1794 1138 1831 vertit.

91 1847 165 1886 Hic
182 1848 264 1898 (tibi
279 1850 381 1886 fabor
396 1849 504 1893 enim,
522 1849 670 1898 quando
689 1849 777 1885 haec
795 1854 832 1886 te
850 1861 938 1885 cura
956 1848 1151 1893 remordet,
1169 1845 1246 1884 265

91 1901 256 1950 Longius
270 1908 307 1940 et
326 1903 476 1939 volvens
493 1902 652 1939 fatorum
672 1915 804 1939 arcana
823 1901 994 1952 movebo)

92 1954 236 1992 Bellum
255 1957 385 2005 ingens
404 1962 509 2004 geret
529 1956 646 1999 Italia,
667 1956 894 2004 populosque
913 1955 1045 1992 ferocis

95 2008 330 2054 Contundet3
359 2022 550 2058 moresque
570 2010 656 2046 viris
671 2015 707 2046 et
727 2010 869 2046 moenia
888 2015 1023 2058 ponet:

94 2062 221 2100 Tertia
239 2063 326 2099 dum
345 2063 454 2100 Latio
472 2068 688 2111 regnantem
710 2063 843 2099 viderit
862 2068 992 2106 aestas,

95 2116 289 2164 Ternaque
307 2117 519 2154 transierint
539 2117 687 2154 Rutulis
707 2116 859 2153 hiberna
878 2116 1050 2154 subactiS.
1171 2114 1247 2152 270

94 2170 147 2207 At
165 2183 257 2218 puer
276 2171 361 2207 Asc·
362 2171 467 2214 iuius,
488 2170 546 2206 eui
563 2183 662 2207 nune
681 2183 885 2218 cognomen
904 2170 983 2206 Iulo

96 2223 270 2269 Additur,
294 2223 386 2274 (Ilus
405 2228 485 2260 erat
503 2224 592 2260 dum
611 2236 668 2260 res
685 2224 787 2260 stetit
804 2224 869 2259 Ilia
888 2222 1020 2273 regno)

96 2276 266 2325 Triginta
285 2290 437 2325 magnos
457 2277 645 2313 volvendis
664 2277 849 2313 mensibus
869 2277 966 2313 orbis

97 2329 255 2379 Impeiio
274 2331 447 2380 explebit,
468 2343 720 2379 regnumque
711 2332 758 2366 ab
777 2331 862 2366 sede
883 2329 1013 2366 Lavini

97 2383 127 2418 T
132 2384 321 2429 ransferet,
340 2390 377 2421 et
396 2385 544 2432 longam
563 2384 681 2421 multa
700 2384 735 2419 vi
754 2384 895 2420 muniet
914 2384 1062 2420 Albam.
1168 2382 1243 2421 275

97 2436 171 2474 llic
185 2438 260 2486 jam
279 2443 335 2475 ter
353 2443 501 2475 eentum
517 2443 615 2475 totos
634 2437 850 2486 regnabitur
868 2449 984 2474 annos
