<?xml version="1.0" encoding="UTF-8"?>
<!DOCTYPE html PUBLIC "-//W3C//DTD XHTML 1.0 Transitional//EN"
    "http://www.w3.org/TR/xhtml1/DTD/xhtml1-transitional.dtd">
<html xmlns="http://www.w3.org/1999/xhtml" xml:lang="en" lang="en">
 <head>
  <title>
</title>
<meta http-equiv="Content-Type" content="text/html;charset=utf-8" />
  <meta name='ocr-system' content='tesseract 3.04.00' />
  <meta name='ocr-capabilities' content='ocr_page ocr_carea ocr_par ocr_line ocrx_word'/>
</head>
<body>
  <div class='ocr_page' id='page_1' title='image "./curriculumlatinu02mont_0089.png"; bbox 0 0 1475 2712; ppageno 0'>
   <div class='ocr_carea' id='block_1_1' title="bbox 123 204 1316 261">
    <p class='ocr_par' dir='ltr' id='par_1_1' title="bbox 123 204 1316 261">
     <span class='ocr_line' id='line_1_1' title="bbox 123 204 1316 261; baseline -0.005 -13"><span class='ocrx_word' id='word_1_1' title='bbox 123 207 204 261; x_wconf 80' lang='lat'>11.]</span> <span class='ocrx_word' id='word_1_2' title='bbox 540 204 888 245; x_wconf 78' lang='lat' dir='ltr'>GEORGICON.</span> <span class='ocrx_word' id='word_1_3' title='bbox 1266 212 1316 248; x_wconf 80' lang='lat'>25</span> 
     </span>
    </p>
   </div>
   <div class='ocr_carea' id='block_1_2' title="bbox 118 313 1317 2542">
    <p class='ocr_par' dir='ltr' id='par_1_2' title="bbox 123 313 1317 418">
     <span class='ocr_line' id='line_1_2' title="bbox 123 313 1317 364; baseline 0.003 -11"><span class='ocrx_word' id='word_1_4' title='bbox 123 315 210 353; x_wconf 87' lang='lat' dir='ltr'>Nec</span> <span class='ocrx_word' id='word_1_5' title='bbox 229 315 381 353; x_wconf 87' lang='lat' dir='ltr'>Baccho</span> <span class='ocrx_word' id='word_1_6' title='bbox 400 327 541 364; x_wconf 82' lang='lat' dir='ltr'>genus,</span> <span class='ocrx_word' id='word_1_7' title='bbox 559 319 625 352; x_wconf 82' lang='lat' dir='ltr'>aut</span> <span class='ocrx_word' id='word_1_8' title='bbox 644 313 767 362; x_wconf 88' lang='lat' dir='ltr'>pomis</span> <span class='ocrx_word' id='word_1_9' title='bbox 787 326 856 351; x_wconf 77' lang='lat' dir='ltr'>sua</span> <span class='ocrx_word' id='word_1_10' title='bbox 875 314 1031 352; x_wconf 68' lang='lat' dir='ltr'>nomina</span> <span class='ocrx_word' id='word_1_11' title='bbox 1051 319 1317 356; x_wconf 75' lang='lat' dir='ltr'>servat—240</span> 
     </span>
     <span class='ocr_line' id='line_1_3' title="bbox 128 367 1117 418; baseline 0.001 -12"><span class='ocrx_word' id='word_1_12' title='bbox 128 369 224 407; x_wconf 83' lang='lat' dir='ltr'>Tale</span> <span class='ocrx_word' id='word_1_13' title='bbox 243 369 350 406; x_wconf 86' lang='lat' dir='ltr'>dabit</span> <span class='ocrx_word' id='word_1_14' title='bbox 369 369 584 418; x_wconf 80' lang='lat' dir='ltr'>specimen:</span> <span class='ocrx_word' id='word_1_15' title='bbox 614 373 656 404; x_wconf 90' lang='lat' dir='ltr'>tu</span> <span class='ocrx_word' id='word_1_16' title='bbox 676 367 800 416; x_wconf 68' lang='lat' dir='ltr'>spisso</span> <span class='ocrx_word' id='word_1_17' title='bbox 821 368 964 404; x_wconf 86' lang='lat' dir='ltr'>vimine</span> <span class='ocrx_word' id='word_1_18' title='bbox 984 369 1117 417; x_wconf 85' lang='lat' dir='ltr'>qualos</span> 
     </span>
    </p>

    <p class='ocr_par' dir='ltr' id='par_1_3' title="bbox 126 420 1005 472">
     <span class='ocr_line' id='line_1_4' title="bbox 126 420 1005 472; baseline -0.002 -12"><span class='ocrx_word' id='word_1_19' title='bbox 126 422 297 472; x_wconf 86' lang='lat' dir='ltr'>Colaque</span> <span class='ocrx_word' id='word_1_20' title='bbox 315 423 519 471; x_wconf 84' lang='lat' dir='ltr'>praelorum</span> <span class='ocrx_word' id='word_1_21' title='bbox 538 420 699 458; x_wconf 83' lang='lat' dir='ltr'>fumosis</span> <span class='ocrx_word' id='word_1_22' title='bbox 718 421 850 469; x_wconf 82' lang='lat' dir='ltr'>deripe</span> <span class='ocrx_word' id='word_1_23' title='bbox 869 422 1005 465; x_wconf 86' lang='lat' dir='ltr'>tectis;</span> 
     </span>
    </p>

    <p class='ocr_par' dir='ltr' id='par_1_4' title="bbox 120 473 1140 525">
     <span class='ocr_line' id='line_1_5' title="bbox 120 473 1140 525; baseline 0 -12"><span class='ocrx_word' id='word_1_24' title='bbox 120 475 216 513; x_wconf 76' lang='lat' dir='ltr'>&#39;Huc</span> <span class='ocrx_word' id='word_1_25' title='bbox 236 488 328 525; x_wconf 79' lang='lat' dir='ltr'>ager</span> <span class='ocrx_word' id='word_1_26' title='bbox 344 476 409 512; x_wconf 90' lang='lat' dir='ltr'>ille</span> <span class='ocrx_word' id='word_1_27' title='bbox 428 475 550 511; x_wconf 82' lang='lat' dir='ltr'>malus</span> <span class='ocrx_word' id='word_1_28' title='bbox 569 474 775 522; x_wconf 81' lang='lat' dir='ltr'>dulcesque</span> <span class='ocrx_word' id='word_1_29' title='bbox 795 487 817 511; x_wconf 89' lang='lat' dir='ltr'>a</span> <span class='ocrx_word' id='word_1_30' title='bbox 836 473 1007 512; x_wconf 85' lang='lat' dir='ltr'>fontibus</span> <span class='ocrx_word' id='word_1_31' title='bbox 1028 476 1140 513; x_wconf 86' lang='lat' dir='ltr'>undae</span> 
     </span>
    </p>

    <p class='ocr_par' dir='ltr' id='par_1_5' title="bbox 122 526 1314 684">
     <span class='ocr_line' id='line_1_6' title="bbox 122 526 1127 578; baseline 0 -12"><span class='ocrx_word' id='word_1_32' title='bbox 122 526 190 565; x_wconf 83' lang='lat' dir='ltr'>Ad</span> <span class='ocrx_word' id='word_1_33' title='bbox 209 529 364 578; x_wconf 87' lang='lat' dir='ltr'>plenum</span> <span class='ocrx_word' id='word_1_34' title='bbox 384 528 603 565; x_wconf 82' lang='lat' dir='ltr'>calcentur:</span> <span class='ocrx_word' id='word_1_35' title='bbox 633 540 732 576; x_wconf 84' lang='lat' dir='ltr'>aqua</span> <span class='ocrx_word' id='word_1_36' title='bbox 751 528 984 565; x_wconf 82' lang='lat' dir='ltr'>eluctabitur</span> <span class='ocrx_word' id='word_1_37' title='bbox 1003 530 1127 567; x_wconf 88' lang='lat' dir='ltr'>omnis</span> 
     </span>
     <span class='ocr_line' id='line_1_7' title="bbox 126 581 1314 630; baseline 0.001 -10"><span class='ocrx_word' id='word_1_38' title='bbox 126 582 295 627; x_wconf 81' lang='lat' dir='ltr'>Scilicet,</span> <span class='ocrx_word' id='word_1_39' title='bbox 314 589 352 620; x_wconf 88' lang='lat' dir='ltr'>et·</span> <span class='ocrx_word' id='word_1_40' title='bbox 371 582 535 630; x_wconf 78' lang='lat' dir='ltr'>grandes</span> <span class='ocrx_word' id='word_1_41' title='bbox 555 581 665 617; x_wconf 88' lang='lat' dir='ltr'>ibunt</span> <span class='ocrx_word' id='word_1_42' title='bbox 685 593 754 629; x_wconf 91' lang='lat' dir='ltr'>per</span> <span class='ocrx_word' id='word_1_43' title='bbox 773 582 919 618; x_wconf 79' lang='lat' dir='ltr'>vimina</span> <span class='ocrx_word' id='word_1_44' title='bbox 938 589 1059 630; x_wconf 81' lang='lat' dir='ltr'>guttae</span> <span class='ocrx_word' id='word_1_45' title='bbox 1076 597 1086 626; x_wconf 90' lang='lat'>;</span> <span class='ocrx_word' id='word_1_46' title='bbox 1237 585 1314 622; x_wconf 69' lang='lat'>245</span> 
     </span>
     <span class='ocr_line' id='line_1_8' title="bbox 124 634 1057 684; baseline -0.001 -11"><span class='ocrx_word' id='word_1_47' title='bbox 124 635 182 673; x_wconf 88' lang='lat' dir='ltr'>At</span> <span class='ocrx_word' id='word_1_48' title='bbox 201 648 313 684; x_wconf 85' lang='lat' dir='ltr'>sapor</span> <span class='ocrx_word' id='word_1_49' title='bbox 331 635 517 672; x_wconf 88' lang='lat' dir='ltr'>indicium</span> <span class='ocrx_word' id='word_1_50' title='bbox 536 634 662 679; x_wconf 81' lang='lat' dir='ltr'>faciet,</span> <span class='ocrx_word' id='word_1_51' title='bbox 686 634 912 671; x_wconf 81' lang='lat' dir='ltr'>manifestus</span> <span class='ocrx_word' id='word_1_52' title='bbox 931 642 970 671; x_wconf 90' lang='lat' dir='ltr'>et</span> <span class='ocrx_word' id='word_1_53' title='bbox 990 648 1057 673; x_wconf 87' lang='lat' dir='ltr'>ora</span> 
     </span>
    </p>

    <p class='ocr_par' dir='ltr' id='par_1_6' title="bbox 123 689 1041 736">
     <span class='ocr_line' id='line_1_9' title="bbox 123 689 1041 736; baseline 0 -10"><span class='ocrx_word' id='word_1_54' title='bbox 123 689 270 726; x_wconf 82' lang='lat' dir='ltr'>&#39;Tristia</span> <span class='ocrx_word' id='word_1_55' title='bbox 289 694 508 726; x_wconf 87' lang='lat' dir='ltr'>tentantum</span> <span class='ocrx_word' id='word_1_56' title='bbox 529 700 642 724; x_wconf 89' lang='lat' dir='ltr'>sensu</span> <span class='ocrx_word' id='word_1_57' title='bbox 662 689 858 736; x_wconf 85' lang='lat' dir='ltr'>torquebit</span> <span class='ocrx_word' id='word_1_58' title='bbox 878 701 1041 726; x_wconf 83' lang='lat' dir='ltr'>amaror.</span> 
     </span>
    </p>

    <p class='ocr_par' dir='ltr' id='par_1_7' title="bbox 121 741 1206 843">
     <span class='ocr_line' id='line_1_10' title="bbox 121 741 1129 791; baseline 0.001 -12"><span class='ocrx_word' id='word_1_59' title='bbox 121 742 288 791; x_wconf 87' lang='lat' dir='ltr'>Pinguis</span> <span class='ocrx_word' id='word_1_60' title='bbox 307 743 399 780; x_wconf 88' lang='lat' dir='ltr'>item</span> <span class='ocrx_word' id='word_1_61' title='bbox 418 754 503 790; x_wconf 84' lang='lat' dir='ltr'>quae</span> <span class='ocrx_word' id='word_1_62' title='bbox 524 742 573 779; x_wconf 87' lang='lat' dir='ltr'>sit</span> <span class='ocrx_word' id='word_1_63' title='bbox 592 741 717 785; x_wconf 88' lang='lat' dir='ltr'>tellus,</span> <span class='ocrx_word' id='word_1_64' title='bbox 740 742 811 778; x_wconf 89' lang='lat' dir='ltr'>hoc</span> <span class='ocrx_word' id='word_1_65' title='bbox 831 742 997 790; x_wconf 84' lang='lat' dir='ltr'>denique</span> <span class='ocrx_word' id='word_1_66' title='bbox 1018 748 1129 791; x_wconf 85' lang='lat' dir='ltr'>pacto</span> 
     </span>
     <span class='ocr_line' id='line_1_11' title="bbox 122 795 1206 843; baseline 0.001 -11"><span class='ocrx_word' id='word_1_67' title='bbox 122 795 341 833; x_wconf 87' lang='lat' dir='ltr'>Discimus:</span> <span class='ocrx_word' id='word_1_68' title='bbox 370 796 474 833; x_wconf 78' lang='lat' dir='ltr'>haud</span> <span class='ocrx_word' id='word_1_69' title='bbox 493 807 674 843; x_wconf 88' lang='lat' dir='ltr'>umquam</span> <span class='ocrx_word' id='word_1_70' title='bbox 696 795 1032 843; x_wconf 82' lang='lat' dir='ltr'>manibusjactata</span> <span class='ocrx_word' id='word_1_71' title='bbox 1051 795 1206 842; x_wconf 77' lang='lat' dir='ltr'>fatiscit,</span> 
     </span>
    </p>

    <p class='ocr_par' dir='ltr' id='par_1_8' title="bbox 123 847 1312 951">
     <span class='ocr_line' id='line_1_12' title="bbox 124 847 1312 897; baseline 0.001 -11"><span class='ocrx_word' id='word_1_72' title='bbox 124 847 202 886; x_wconf 85' lang='lat' dir='ltr'>Sed</span> <span class='ocrx_word' id='word_1_73' title='bbox 223 850 317 897; x_wconf 85' lang='lat' dir='ltr'>picis</span> <span class='ocrx_word' id='word_1_74' title='bbox 337 850 376 886; x_wconf 92' lang='lat' dir='ltr'>in</span> <span class='ocrx_word' id='word_1_75' title='bbox 397 861 542 886; x_wconf 85' lang='lat' dir='ltr'>morem</span> <span class='ocrx_word' id='word_1_76' title='bbox 562 849 609 885; x_wconf 84' lang='lat' dir='ltr'>ad</span> <span class='ocrx_word' id='word_1_77' title='bbox 628 849 770 897; x_wconf 83' lang='lat' dir='ltr'>digitos</span> <span class='ocrx_word' id='word_1_78' title='bbox 790 849 967 886; x_wconf 80' lang='lat' dir='ltr'>lentescit</span> <span class='ocrx_word' id='word_1_79' title='bbox 988 850 1175 887; x_wconf 77' lang='lat' dir='ltr'>habendo.</span> <span class='ocrx_word' id='word_1_80' title='bbox 1232 851 1312 888; x_wconf 78' lang='lat'>250</span> 
     </span>
     <span class='ocr_line' id='line_1_13' title="bbox 123 901 1059 951; baseline 0 -12"><span class='ocrx_word' id='word_1_81' title='bbox 123 902 297 940; x_wconf 83' lang='lat' dir='ltr'>Humida</span> <span class='ocrx_word' id='word_1_82' title='bbox 317 902 478 950; x_wconf 83' lang='lat' dir='ltr'>majores</span> <span class='ocrx_word' id='word_1_83' title='bbox 498 902 635 939; x_wconf 78' lang='lat' dir='ltr'>herbas</span> <span class='ocrx_word' id='word_1_84' title='bbox 654 902 722 938; x_wconf 83' lang='lat' dir='ltr'>alit</span> <span class='ocrx_word' id='word_1_85' title='bbox 739 916 750 945; x_wconf 83' lang='lat'>3</span> <span class='ocrx_word' id='word_1_86' title='bbox 777 901 937 951; x_wconf 81' lang='lat' dir='ltr'>ipsaque</span> <span class='ocrx_word' id='word_1_87' title='bbox 950 902 1059 950; x_wconf 87' lang='lat' dir='ltr'>justo</span> 
     </span>
    </p>

    <p class='ocr_par' dir='ltr' id='par_1_9' title="bbox 121 955 1102 1002">
     <span class='ocr_line' id='line_1_14' title="bbox 121 955 1102 1002; baseline 0.002 -10"><span class='ocrx_word' id='word_1_88' title='bbox 121 955 276 993; x_wconf 87' lang='lat' dir='ltr'>Laetior.</span> <span class='ocrx_word' id='word_1_89' title='bbox 334 957 402 993; x_wconf 89' lang='lat' dir='ltr'>Ah</span> <span class='ocrx_word' id='word_1_90' title='bbox 420 956 583 992; x_wconf 87' lang='lat' dir='ltr'>nimium</span> <span class='ocrx_word' id='word_1_91' title='bbox 603 968 651 992; x_wconf 90' lang='lat' dir='ltr'>ne</span> <span class='ocrx_word' id='word_1_92' title='bbox 671 955 720 992; x_wconf 84' lang='lat' dir='ltr'>sit</span> <span class='ocrx_word' id='word_1_93' title='bbox 741 955 836 991; x_wconf 89' lang='lat' dir='ltr'>mihi</span> <span class='ocrx_word' id='word_1_94' title='bbox 857 956 995 993; x_wconf 88' lang='lat' dir='ltr'>fertilis</span> <span class='ocrx_word' id='word_1_95' title='bbox 1022 957 1102 1002; x_wconf 84' lang='lat' dir='ltr'>illa,</span> 
     </span>
    </p>

    <p class='ocr_par' dir='ltr' id='par_1_10' title="bbox 121 1008 1066 1057">
     <span class='ocr_line' id='line_1_15' title="bbox 121 1008 1066 1057; baseline 0 -11"><span class='ocrx_word' id='word_1_96' title='bbox 121 1008 212 1046; x_wconf 80' lang='lat' dir='ltr'>Neu</span> <span class='ocrx_word' id='word_1_97' title='bbox 233 1022 272 1047; x_wconf 92' lang='lat' dir='ltr'>se</span> <span class='ocrx_word' id='word_1_98' title='bbox 293 1009 538 1057; x_wconf 81' lang='lat' dir='ltr'>praevalidam</span> <span class='ocrx_word' id='word_1_99' title='bbox 558 1009 692 1057; x_wconf 88' lang='lat' dir='ltr'>primis</span> <span class='ocrx_word' id='word_1_100' title='bbox 713 1010 890 1045; x_wconf 78' lang='lat' dir='ltr'>ostendat</span> <span class='ocrx_word' id='word_1_101' title='bbox 910 1010 1039 1046; x_wconf 87' lang='lat' dir='ltr'>aristis</span> <span class='ocrx_word' id='word_1_102' title='bbox 1058 1010 1066 1046; x_wconf 79' lang='lat'>1</span> 
     </span>
    </p>

    <p class='ocr_par' dir='ltr' id='par_1_11' title="bbox 118 1060 1312 1325">
     <span class='ocr_line' id='line_1_16' title="bbox 118 1060 1146 1112; baseline 0.001 -13"><span class='ocrx_word' id='word_1_103' title='bbox 118 1060 219 1108; x_wconf 77' lang='lat' dir='ltr'>Quae</span> <span class='ocrx_word' id='word_1_104' title='bbox 238 1063 371 1112; x_wconf 83' lang='lat' dir='ltr'>gravis</span> <span class='ocrx_word' id='word_1_105' title='bbox 392 1069 461 1108; x_wconf 81' lang='lat' dir='ltr'>est,</span> <span class='ocrx_word' id='word_1_106' title='bbox 481 1064 565 1111; x_wconf 87' lang='lat' dir='ltr'>ipso</span> <span class='ocrx_word' id='word_1_107' title='bbox 584 1062 741 1099; x_wconf 79' lang='lat' dir='ltr'>tacitam</span> <span class='ocrx_word' id='word_1_108' title='bbox 761 1074 801 1098; x_wconf 89' lang='lat' dir='ltr'>se</span> <span class='ocrx_word' id='word_1_109' title='bbox 820 1063 987 1110; x_wconf 68' lang='lat' dir='ltr'>pondere</span> <span class='ocrx_word' id='word_1_110' title='bbox 1007 1063 1146 1112; x_wconf 79' lang='lat' dir='ltr'>prodit,</span> 
     </span>
     <span class='ocr_line' id='line_1_17' title="bbox 122 1114 1312 1166; baseline 0.003 -14"><span class='ocrx_word' id='word_1_111' title='bbox 122 1114 411 1165; x_wconf 80' lang='lat' dir='ltr'>Quaequelevis.</span> <span class='ocrx_word' id='word_1_112' title='bbox 426 1116 628 1152; x_wconf 87' lang='lat' dir='ltr'>Promtum</span> <span class='ocrx_word' id='word_1_113' title='bbox 638 1121 694 1152; x_wconf 87' lang='lat' dir='ltr'>est</span> <span class='ocrx_word' id='word_1_114' title='bbox 704 1115 824 1152; x_wconf 84' lang='lat' dir='ltr'>oculis</span> <span class='ocrx_word' id='word_1_115' title='bbox 833 1117 1060 1164; x_wconf 62' lang='lat' dir='ltr'>praediscere</span> <span class='ocrx_word' id='word_1_116' title='bbox 1070 1118 1312 1166; x_wconf 77' lang='lat' dir='ltr'>nigram,‘255</span> 
     </span>
     <span class='ocr_line' id='line_1_18' title="bbox 120 1169 1226 1220; baseline 0.001 -14"><span class='ocrx_word' id='word_1_117' title='bbox 120 1169 173 1206; x_wconf 74' lang='lat' dir='ltr'>Et</span> <span class='ocrx_word' id='word_1_118' title='bbox 192 1171 279 1218; x_wconf 90' lang='lat' dir='ltr'>quis</span> <span class='ocrx_word' id='word_1_119' title='bbox 298 1169 360 1207; x_wconf 88' lang='lat' dir='ltr'>cui</span> <span class='ocrx_word' id='word_1_120' title='bbox 379 1170 496 1206; x_wconf 86' lang='lat' dir='ltr'>color.</span> <span class='ocrx_word' id='word_1_121' title='bbox 553 1169 610 1205; x_wconf 75' lang='lat' dir='ltr'>At</span> <span class='ocrx_word' id='word_1_122' title='bbox 630 1169 857 1205; x_wconf 79' lang='lat' dir='ltr'>sceleratum</span> <span class='ocrx_word' id='word_1_123' title='bbox 878 1171 1081 1216; x_wconf 81' lang='lat' dir='ltr'>exquirere</span> <span class='ocrx_word' id='word_1_124' title='bbox 1101 1171 1226 1220; x_wconf 84' lang='lat' dir='ltr'>frigus</span> 
     </span>
     <span class='ocr_line' id='line_1_19' title="bbox 121 1222 1089 1271; baseline 0.001 -12"><span class='ocrx_word' id='word_1_125' title='bbox 121 1222 286 1260; x_wconf 78' lang='lat' dir='ltr'>Difficile</span> <span class='ocrx_word' id='word_1_126' title='bbox 305 1229 361 1260; x_wconf 80' lang='lat' dir='ltr'>est</span> <span class='ocrx_word' id='word_1_127' title='bbox 379 1237 389 1266; x_wconf 83' lang='lat'>3</span> <span class='ocrx_word' id='word_1_128' title='bbox 419 1223 536 1271; x_wconf 87' lang='lat' dir='ltr'>piceae</span> <span class='ocrx_word' id='word_1_129' title='bbox 556 1228 708 1259; x_wconf 86' lang='lat' dir='ltr'>tantum</span> <span class='ocrx_word' id='word_1_130' title='bbox 727 1222 885 1269; x_wconf 79' lang='lat' dir='ltr'>taxique</span> <span class='ocrx_word' id='word_1_131' title='bbox 906 1230 1089 1260; x_wconf 77' lang='lat' dir='ltr'>nocentes</span> 
     </span>
     <span class='ocr_line' id='line_1_20' title="bbox 120 1276 1121 1325; baseline 0 -12"><span class='ocrx_word' id='word_1_132' title='bbox 120 1276 333 1321; x_wconf 85' lang='lat' dir='ltr'>Interdum,</span> <span class='ocrx_word' id='word_1_133' title='bbox 355 1282 421 1313; x_wconf 85' lang='lat' dir='ltr'>aut</span> <span class='ocrx_word' id='word_1_134' title='bbox 440 1276 590 1313; x_wconf 78' lang='lat' dir='ltr'>hederae</span> <span class='ocrx_word' id='word_1_135' title='bbox 610 1276 785 1324; x_wconf 84' lang='lat' dir='ltr'>pandunt</span> <span class='ocrx_word' id='word_1_136' title='bbox 805 1276 969 1325; x_wconf 80' lang='lat' dir='ltr'>vestigia</span> <span class='ocrx_word' id='word_1_137' title='bbox 990 1278 1121 1325; x_wconf 70' lang='lat' dir='ltr'>nigrae.</span> 
     </span>
    </p>

    <p class='ocr_par' dir='ltr' id='par_1_12' title="bbox 119 1329 1315 1486">
     <span class='ocr_line' id='line_1_21' title="bbox 175 1329 1188 1375; baseline 0.001 -9"><span class='ocrx_word' id='word_1_138' title='bbox 175 1330 250 1367; x_wconf 85' lang='lat' dir='ltr'>His</span> <span class='ocrx_word' id='word_1_139' title='bbox 270 1330 562 1375; x_wconf 83' lang='lat' dir='ltr'>animadversis,</span> <span class='ocrx_word' id='word_1_140' title='bbox 582 1335 726 1366; x_wconf 87' lang='lat' dir='ltr'>terram</span> <span class='ocrx_word' id='word_1_141' title='bbox 748 1329 868 1366; x_wconf 87' lang='lat' dir='ltr'>multo</span> <span class='ocrx_word' id='word_1_142' title='bbox 888 1336 976 1366; x_wconf 83' lang='lat' dir='ltr'>ante</span> <span class='ocrx_word' id='word_1_143' title='bbox 996 1336 1188 1367; x_wconf 85' lang='lat' dir='ltr'>memento</span> 
     </span>
     <span class='ocr_line' id='line_1_22' title="bbox 119 1382 1315 1432; baseline 0.003 -13"><span class='ocrx_word' id='word_1_144' title='bbox 119 1382 360 1432; x_wconf 84' lang='lat' dir='ltr'>Excoquere,</span> <span class='ocrx_word' id='word_1_145' title='bbox 380 1390 418 1420; x_wconf 89' lang='lat' dir='ltr'>et</span> <span class='ocrx_word' id='word_1_146' title='bbox 437 1395 595 1432; x_wconf 80' lang='lat' dir='ltr'>magnos</span> <span class='ocrx_word' id='word_1_147' title='bbox 616 1383 814 1419; x_wconf 77' lang='lat' dir='ltr'>scrobibus</span> <span class='ocrx_word' id='word_1_148' title='bbox 834 1384 1034 1420; x_wconf 82' lang='lat' dir='ltr'>concidere</span> <span class='ocrx_word' id='word_1_149' title='bbox 1054 1391 1213 1429; x_wconf 84' lang='lat' dir='ltr'>montes,</span> <span class='ocrx_word' id='word_1_150' title='bbox 1236 1385 1315 1422; x_wconf 78' lang='lat'>260</span> 
     </span>
     <span class='ocr_line' id='line_1_23' title="bbox 120 1435 1038 1486; baseline 0.002 -14"><span class='ocrx_word' id='word_1_151' title='bbox 120 1435 228 1474; x_wconf 88' lang='lat' dir='ltr'>Ante</span> <span class='ocrx_word' id='word_1_152' title='bbox 247 1437 444 1486; x_wconf 82' lang='lat' dir='ltr'>supinatas</span> <span class='ocrx_word' id='word_1_153' title='bbox 463 1435 651 1484; x_wconf 88' lang='lat' dir='ltr'>Aquiloni</span> <span class='ocrx_word' id='word_1_154' title='bbox 671 1437 873 1473; x_wconf 76' lang='lat' dir='ltr'>ostendere</span> <span class='ocrx_word' id='word_1_155' title='bbox 892 1437 1038 1485; x_wconf 78' lang='lat' dir='ltr'>glebas,</span> 
     </span>
    </p>

    <p class='ocr_par' dir='ltr' id='par_1_13' title="bbox 120 1489 1201 1539">
     <span class='ocr_line' id='line_1_24' title="bbox 120 1489 1201 1539; baseline 0.001 -13"><span class='ocrx_word' id='word_1_156' title='bbox 120 1489 248 1536; x_wconf 83' lang='lat' dir='ltr'>Quam</span> <span class='ocrx_word' id='word_1_157' title='bbox 267 1490 398 1527; x_wconf 84' lang='lat' dir='ltr'>laetum</span> <span class='ocrx_word' id='word_1_158' title='bbox 416 1490 581 1527; x_wconf 85' lang='lat' dir='ltr'>infodias</span> <span class='ocrx_word' id='word_1_159' title='bbox 601 1490 694 1527; x_wconf 87' lang='lat' dir='ltr'>vitis</span> <span class='ocrx_word' id='word_1_160' title='bbox 713 1502 846 1538; x_wconf 81' lang='lat' dir='ltr'>genus.</span> <span class='ocrx_word' id='word_1_161' title='bbox 905 1490 1075 1539; x_wconf 79' lang='lat' dir='ltr'>Optuma</span> <span class='ocrx_word' id='word_1_162' title='bbox 1097 1491 1201 1538; x_wconf 85' lang='lat' dir='ltr'>putri</span> 
     </span>
    </p>

    <p class='ocr_par' dir='ltr' id='par_1_14' title="bbox 120 1544 1111 1592">
     <span class='ocr_line' id='line_1_25' title="bbox 120 1544 1111 1592; baseline 0 -12"><span class='ocrx_word' id='word_1_163' title='bbox 120 1544 232 1581; x_wconf 84' lang='lat' dir='ltr'>Arva</span> <span class='ocrx_word' id='word_1_164' title='bbox 251 1545 346 1587; x_wconf 79' lang='lat'>50103</span> <span class='ocrx_word' id='word_1_165' title='bbox 374 1544 414 1580; x_wconf 84' lang='lat' dir='ltr'>id</span> <span class='ocrx_word' id='word_1_166' title='bbox 434 1544 541 1580; x_wconf 84' lang='lat' dir='ltr'>venti</span> <span class='ocrx_word' id='word_1_167' title='bbox 561 1549 699 1580; x_wconf 84' lang='lat' dir='ltr'>curant</span> <span class='ocrx_word' id='word_1_168' title='bbox 717 1544 930 1592; x_wconf 75' lang='lat' dir='ltr'>gelidaeque</span> <span class='ocrx_word' id='word_1_169' title='bbox 953 1545 1111 1591; x_wconf 81' lang='lat' dir='ltr'>pruiuae,</span> 
     </span>
    </p>

    <p class='ocr_par' dir='ltr' id='par_1_15' title="bbox 120 1597 1066 1646">
     <span class='ocr_line' id='line_1_26' title="bbox 120 1597 1066 1646; baseline 0.001 -12"><span class='ocrx_word' id='word_1_170' title='bbox 120 1597 173 1634; x_wconf 87' lang='lat' dir='ltr'>Et</span> <span class='ocrx_word' id='word_1_171' title='bbox 192 1597 381 1634; x_wconf 83' lang='lat' dir='ltr'>labefacta</span> <span class='ocrx_word' id='word_1_172' title='bbox 398 1609 556 1634; x_wconf 88' lang='lat' dir='ltr'>movens</span> <span class='ocrx_word' id='word_1_173' title='bbox 575 1598 757 1634; x_wconf 81' lang='lat' dir='ltr'>robustus</span> <span class='ocrx_word' id='word_1_174' title='bbox 771 1597 911 1646; x_wconf 78' lang='lat' dir='ltr'>jugera</span> <span class='ocrx_word' id='word_1_175' title='bbox 931 1597 1066 1635; x_wconf 76' lang='lat' dir='ltr'>fossor.</span> 
     </span>
    </p>

    <p class='ocr_par' dir='ltr' id='par_1_16' title="bbox 120 1650 1312 1700">
     <span class='ocr_line' id='line_1_27' title="bbox 120 1650 1312 1700; baseline 0.001 -13"><span class='ocrx_word' id='word_1_176' title='bbox 120 1650 177 1687; x_wconf 86' lang='lat' dir='ltr'>At</span> <span class='ocrx_word' id='word_1_177' title='bbox 197 1652 228 1688; x_wconf 85' lang='lat' dir='ltr'>si</span> <span class='ocrx_word' id='word_1_178' title='bbox 248 1664 342 1700; x_wconf 89' lang='lat' dir='ltr'>quos</span> <span class='ocrx_word' id='word_1_179' title='bbox 363 1651 465 1687; x_wconf 88' lang='lat' dir='ltr'>haud</span> <span class='ocrx_word' id='word_1_180' title='bbox 486 1651 563 1687; x_wconf 86' lang='lat' dir='ltr'>ulla</span> <span class='ocrx_word' id='word_1_181' title='bbox 584 1650 686 1686; x_wconf 85' lang='lat' dir='ltr'>viros</span> <span class='ocrx_word' id='word_1_182' title='bbox 706 1651 909 1699; x_wconf 81' lang='lat' dir='ltr'>vigilantia</span> <span class='ocrx_word' id='word_1_183' title='bbox 928 1650 1042 1699; x_wconf 77' lang='lat' dir='ltr'>fugit,</span> <span class='ocrx_word' id='word_1_184' title='bbox 1233 1652 1312 1688; x_wconf 83' lang='lat'>265</span> 
     </span>
    </p>

    <p class='ocr_par' dir='ltr' id='par_1_17' title="bbox 119 1704 1208 1753">
     <span class='ocr_line' id='line_1_28' title="bbox 119 1704 1208 1753; baseline 0 -12"><span class='ocrx_word' id='word_1_185' title='bbox 119 1705 227 1741; x_wconf 88' lang='lat' dir='ltr'>Ante</span> <span class='ocrx_word' id='word_1_186' title='bbox 246 1704 373 1741; x_wconf 90' lang='lat' dir='ltr'>locum</span> <span class='ocrx_word' id='word_1_187' title='bbox 393 1704 556 1741; x_wconf 85' lang='lat' dir='ltr'>similem</span> <span class='ocrx_word' id='word_1_188' title='bbox 576 1704 796 1751; x_wconf 82' lang='lat' dir='ltr'>exquirunt,</span> <span class='ocrx_word' id='word_1_189' title='bbox 821 1705 886 1740; x_wconf 90' lang='lat' dir='ltr'>ubi</span> <span class='ocrx_word' id='word_1_190' title='bbox 908 1705 1030 1752; x_wconf 81' lang='lat' dir='ltr'>prima</span> <span class='ocrx_word' id='word_1_191' title='bbox 1051 1710 1208 1753; x_wconf 77' lang='lat' dir='ltr'>paretur</span> 
     </span>
    </p>

    <p class='ocr_par' dir='ltr' id='par_1_18' title="bbox 119 1758 1091 1806">
     <span class='ocr_line' id='line_1_29' title="bbox 119 1758 1091 1806; baseline -0.002 -11"><span class='ocrx_word' id='word_1_192' title='bbox 119 1758 340 1796; x_wconf 84' lang='lat' dir='ltr'>Arboribus</span> <span class='ocrx_word' id='word_1_193' title='bbox 360 1770 482 1806; x_wconf 80' lang='lat' dir='ltr'>seges,</span> <span class='ocrx_word' id='word_1_194' title='bbox 502 1763 541 1794; x_wconf 89' lang='lat' dir='ltr'>et</span> <span class='ocrx_word' id='word_1_195' title='bbox 560 1769 634 1804; x_wconf 89' lang='lat' dir='ltr'>quo</span> <span class='ocrx_word' id='word_1_196' title='bbox 654 1770 744 1793; x_wconf 77' lang='lat' dir='ltr'>mox</span> <span class='ocrx_word' id='word_1_197' title='bbox 764 1758 914 1805; x_wconf 76' lang='lat' dir='ltr'>digesta</span> <span class='ocrx_word' id='word_1_198' title='bbox 933 1758 1091 1802; x_wconf 72' lang='lat' dir='ltr'>feratur,</span> 
     </span>
    </p>

    <p class='ocr_par' dir='ltr' id='par_1_19' title="bbox 119 1811 1085 1859">
     <span class='ocr_line' id='line_1_30' title="bbox 119 1811 1085 1859; baseline -0.004 -11"><span class='ocrx_word' id='word_1_199' title='bbox 119 1811 314 1848; x_wconf 83' lang='lat' dir='ltr'>Mutatam</span> <span class='ocrx_word' id='word_1_200' title='bbox 332 1812 511 1859; x_wconf 80' lang='lat' dir='ltr'>ignorent</span> <span class='ocrx_word' id='word_1_201' title='bbox 530 1811 658 1847; x_wconf 86' lang='lat' dir='ltr'>subito</span> <span class='ocrx_word' id='word_1_202' title='bbox 678 1823 726 1847; x_wconf 90' lang='lat' dir='ltr'>ne</span> <span class='ocrx_word' id='word_1_203' title='bbox 746 1812 891 1847; x_wconf 82' lang='lat' dir='ltr'>semina</span> <span class='ocrx_word' id='word_1_204' title='bbox 910 1819 1085 1848; x_wconf 84' lang='lat' dir='ltr'>matrem.</span> 
     </span>
    </p>

    <p class='ocr_par' dir='ltr' id='par_1_20' title="bbox 119 1864 1095 1913">
     <span class='ocr_line' id='line_1_31' title="bbox 119 1864 1095 1913; baseline 0 -12"><span class='ocrx_word' id='word_1_205' title='bbox 119 1864 228 1911; x_wconf 77' lang='lat' dir='ltr'>Quin</span> <span class='ocrx_word' id='word_1_206' title='bbox 249 1865 363 1902; x_wconf 83' lang='lat' dir='ltr'>etiam</span> <span class='ocrx_word' id='word_1_207' title='bbox 383 1865 469 1901; x_wconf 88' lang='lat' dir='ltr'>coeli</span> <span class='ocrx_word' id='word_1_208' title='bbox 488 1865 687 1913; x_wconf 83' lang='lat' dir='ltr'>regionem</span> <span class='ocrx_word' id='word_1_209' title='bbox 706 1865 746 1899; x_wconf 90' lang='lat' dir='ltr'>in</span> <span class='ocrx_word' id='word_1_210' title='bbox 766 1865 909 1901; x_wconf 86' lang='lat' dir='ltr'>cortice</span> <span class='ocrx_word' id='word_1_211' title='bbox 929 1865 1095 1913; x_wconf 80' lang='lat' dir='ltr'>signant,</span> 
     </span>
    </p>

    <p class='ocr_par' dir='ltr' id='par_1_21' title="bbox 121 1918 1311 1967">
     <span class='ocr_line' id='line_1_32' title="bbox 121 1918 1311 1967; baseline 0 -11"><span class='ocrx_word' id='word_1_212' title='bbox 121 1918 190 1963; x_wconf 90' lang='lat' dir='ltr'>Ut,</span> <span class='ocrx_word' id='word_1_213' title='bbox 212 1931 285 1967; x_wconf 84' lang='lat' dir='ltr'>quo</span> <span class='ocrx_word' id='word_1_214' title='bbox 304 1930 460 1966; x_wconf 83' lang='lat' dir='ltr'>quaeque</span> <span class='ocrx_word' id='word_1_215' title='bbox 481 1919 591 1954; x_wconf 84' lang='lat' dir='ltr'>modo</span> <span class='ocrx_word' id='word_1_216' title='bbox 611 1919 771 1959; x_wconf 81' lang='lat' dir='ltr'>steterit,</span> <span class='ocrx_word' id='word_1_217' title='bbox 793 1929 867 1965; x_wconf 79' lang='lat' dir='ltr'>qua</span> <span class='ocrx_word' id='word_1_218' title='bbox 887 1925 995 1965; x_wconf 83' lang='lat' dir='ltr'>parte</span> <span class='ocrx_word' id='word_1_219' title='bbox 1015 1919 1159 1955; x_wconf 78' lang='lat' dir='ltr'>calores</span> <span class='ocrx_word' id='word_1_220' title='bbox 1233 1919 1311 1958; x_wconf 79' lang='lat'>270</span> 
     </span>
    </p>

    <p class='ocr_par' dir='ltr' id='par_1_22' title="bbox 120 1972 1054 2019">
     <span class='ocr_line' id='line_1_33' title="bbox 120 1972 1054 2019; baseline 0 -11"><span class='ocrx_word' id='word_1_221' title='bbox 120 1972 331 2009; x_wconf 87' lang='lat' dir='ltr'>Austrinos</span> <span class='ocrx_word' id='word_1_222' title='bbox 350 1972 494 2016; x_wconf 84' lang='lat' dir='ltr'>tulerit,</span> <span class='ocrx_word' id='word_1_223' title='bbox 516 1982 599 2019; x_wconf 86' lang='lat' dir='ltr'>quae</span> <span class='ocrx_word' id='word_1_224' title='bbox 618 1978 726 2019; x_wconf 82' lang='lat' dir='ltr'>terga</span> <span class='ocrx_word' id='word_1_225' title='bbox 746 1972 958 2008; x_wconf 85' lang='lat' dir='ltr'>obverterit</span> <span class='ocrx_word' id='word_1_226' title='bbox 978 1972 1054 2017; x_wconf 79' lang='lat' dir='ltr'>axi,</span> 
     </span>
    </p>

    <p class='ocr_par' dir='ltr' id='par_1_23' title="bbox 119 2024 1282 2063">
     <span class='ocr_line' id='line_1_34' title="bbox 119 2024 1282 2063; baseline 0.001 -1"><span class='ocrx_word' id='word_1_227' title='bbox 119 2025 355 2062; x_wconf 73' lang='lat' dir='ltr'>Restituunt.</span> <span class='ocrx_word' id='word_1_228' title='bbox 411 2024 523 2061; x_wconf 87' lang='lat' dir='ltr'>Adeo</span> <span class='ocrx_word' id='word_1_229' title='bbox 541 2026 582 2061; x_wconf 90' lang='lat' dir='ltr'>in</span> <span class='ocrx_word' id='word_1_230' title='bbox 601 2025 744 2062; x_wconf 87' lang='lat' dir='ltr'>teneris</span> <span class='ocrx_word' id='word_1_231' title='bbox 763 2037 1011 2062; x_wconf 87' lang='lat' dir='ltr'>consuescere</span> <span class='ocrx_word' id='word_1_232' title='bbox 1031 2026 1194 2062; x_wconf 83' lang='lat' dir='ltr'>multum</span> <span class='ocrx_word' id='word_1_233' title='bbox 1213 2033 1282 2063; x_wconf 82' lang='lat' dir='ltr'>est.</span> 
     </span>
    </p>

    <p class='ocr_par' dir='ltr' id='par_1_24' title="bbox 120 2078 1048 2127">
     <span class='ocr_line' id='line_1_35' title="bbox 120 2078 1048 2127; baseline -0.001 -10"><span class='ocrx_word' id='word_1_234' title='bbox 120 2078 306 2123; x_wconf 87' lang='lat' dir='ltr'>Collibus,</span> <span class='ocrx_word' id='word_1_235' title='bbox 329 2091 377 2115; x_wconf 87' lang='lat' dir='ltr'>an</span> <span class='ocrx_word' id='word_1_236' title='bbox 397 2079 511 2127; x_wconf 83' lang='lat' dir='ltr'>plano</span> <span class='ocrx_word' id='word_1_237' title='bbox 530 2078 667 2115; x_wconf 90' lang='lat' dir='ltr'>melius</span> <span class='ocrx_word' id='word_1_238' title='bbox 686 2079 737 2115; x_wconf 85' lang='lat' dir='ltr'>sit</span> <span class='ocrx_word' id='word_1_239' title='bbox 756 2091 898 2127; x_wconf 85' lang='lat' dir='ltr'>ponere</span> <span class='ocrx_word' id='word_1_240' title='bbox 918 2080 1048 2123; x_wconf 87' lang='lat' dir='ltr'>vitem,</span> 
     </span>
    </p>

    <p class='ocr_par' dir='ltr' id='par_1_25' title="bbox 122 2132 1173 2181">
     <span class='ocr_line' id='line_1_36' title="bbox 122 2132 1173 2181; baseline -0.002 -12"><span class='ocrx_word' id='word_1_241' title='bbox 122 2132 261 2178; x_wconf 85' lang='lat' dir='ltr'>Quaere</span> <span class='ocrx_word' id='word_1_242' title='bbox 279 2132 398 2180; x_wconf 87' lang='lat' dir='ltr'>prius.</span> <span class='ocrx_word' id='word_1_243' title='bbox 456 2132 497 2168; x_wconf 69' lang='lat' dir='ltr'>Si</span> <span class='ocrx_word' id='word_1_244' title='bbox 519 2132 675 2180; x_wconf 86' lang='lat' dir='ltr'>pinguis</span> <span class='ocrx_word' id='word_1_245' title='bbox 693 2144 805 2181; x_wconf 84' lang='lat' dir='ltr'>agros</span> <span class='ocrx_word' id='word_1_246' title='bbox 824 2134 1018 2169; x_wconf 85' lang='lat' dir='ltr'>metabere</span> <span class='ocrx_word' id='word_1_247' title='bbox 1038 2132 1173 2181; x_wconf 83' lang='lat' dir='ltr'>campi,</span> 
     </span>
    </p>

    <p class='ocr_par' dir='ltr' id='par_1_26' title="bbox 120 2185 1307 2234">
     <span class='ocr_line' id='line_1_37' title="bbox 120 2185 1307 2234; baseline 0.001 -12"><span class='ocrx_word' id='word_1_248' title='bbox 120 2186 253 2223; x_wconf 87' lang='lat' dir='ltr'>Densa</span> <span class='ocrx_word' id='word_1_249' title='bbox 272 2197 365 2230; x_wconf 88' lang='lat' dir='ltr'>sere,</span> <span class='ocrx_word' id='word_1_250' title='bbox 386 2186 427 2221; x_wconf 84' lang='lat' dir='ltr'>in</span> <span class='ocrx_word' id='word_1_251' title='bbox 447 2185 564 2222; x_wconf 92' lang='lat' dir='ltr'>denso</span> <span class='ocrx_word' id='word_1_252' title='bbox 584 2198 659 2221; x_wconf 88' lang='lat' dir='ltr'>non</span> <span class='ocrx_word' id='word_1_253' title='bbox 680 2187 833 2234; x_wconf 81' lang='lat' dir='ltr'>segnior</span> <span class='ocrx_word' id='word_1_254' title='bbox 852 2188 970 2222; x_wconf 85' lang='lat' dir='ltr'>ubere</span> <span class='ocrx_word' id='word_1_255' title='bbox 989 2186 1189 2230; x_wconf 77' lang='lat' dir='ltr'>Bacchu53</span> <span class='ocrx_word' id='word_1_256' title='bbox 1229 2186 1307 2226; x_wconf 79' lang='lat'>275</span> 
     </span>
    </p>

    <p class='ocr_par' dir='ltr' id='par_1_27' title="bbox 122 2238 1077 2288">
     <span class='ocr_line' id='line_1_38' title="bbox 122 2238 1077 2288; baseline 0 -12"><span class='ocrx_word' id='word_1_257' title='bbox 122 2238 194 2277; x_wconf 87' lang='lat' dir='ltr'>Sin</span> <span class='ocrx_word' id='word_1_258' title='bbox 211 2238 371 2275; x_wconf 90' lang='lat' dir='ltr'>tumulis</span> <span class='ocrx_word' id='word_1_259' title='bbox 391 2238 539 2275; x_wconf 81' lang='lat' dir='ltr'>adclive</span> <span class='ocrx_word' id='word_1_260' title='bbox 559 2239 681 2275; x_wconf 87' lang='lat' dir='ltr'>solum</span> <span class='ocrx_word' id='word_1_261' title='bbox 700 2239 890 2286; x_wconf 86' lang='lat' dir='ltr'>collesque</span> <span class='ocrx_word' id='word_1_262' title='bbox 911 2240 1077 2288; x_wconf 79' lang='lat' dir='ltr'>supinos,</span> 
     </span>
    </p>

    <p class='ocr_par' dir='ltr' id='par_1_28' title="bbox 118 2292 1140 2341">
     <span class='ocr_line' id='line_1_39' title="bbox 118 2292 1140 2341; baseline 0 -11"><span class='ocrx_word' id='word_1_263' title='bbox 118 2292 285 2340; x_wconf 89' lang='lat' dir='ltr'>Indulge</span> <span class='ocrx_word' id='word_1_264' title='bbox 304 2292 514 2337; x_wconf 83' lang='lat' dir='ltr'>ordinibus,</span> <span class='ocrx_word' id='word_1_265' title='bbox 535 2304 605 2328; x_wconf 87' lang='lat' dir='ltr'>nec</span> <span class='ocrx_word' id='word_1_266' title='bbox 624 2292 748 2329; x_wconf 90' lang='lat' dir='ltr'>secius</span> <span class='ocrx_word' id='word_1_267' title='bbox 768 2293 891 2329; x_wconf 88' lang='lat' dir='ltr'>omnis</span> <span class='ocrx_word' id='word_1_268' title='bbox 910 2293 950 2328; x_wconf 91' lang='lat' dir='ltr'>in</span> <span class='ocrx_word' id='word_1_269' title='bbox 973 2305 1140 2341; x_wconf 84' lang='lat' dir='ltr'>unguem</span> 
     </span>
    </p>

    <p class='ocr_par' dir='ltr' id='par_1_29' title="bbox 119 2345 1030 2394">
     <span class='ocr_line' id='line_1_40' title="bbox 119 2345 1030 2394; baseline 0 -11"><span class='ocrx_word' id='word_1_270' title='bbox 119 2345 340 2383; x_wconf 90' lang='lat' dir='ltr'>Arboribus</span> <span class='ocrx_word' id='word_1_271' title='bbox 359 2345 493 2394; x_wconf 85' lang='lat' dir='ltr'>positis</span> <span class='ocrx_word' id='word_1_272' title='bbox 513 2352 615 2382; x_wconf 90' lang='lat' dir='ltr'>secto</span> <span class='ocrx_word' id='word_1_273' title='bbox 635 2346 698 2382; x_wconf 88' lang='lat' dir='ltr'>via</span> <span class='ocrx_word' id='word_1_274' title='bbox 719 2346 839 2382; x_wconf 87' lang='lat' dir='ltr'>limite</span> <span class='ocrx_word' id='word_1_275' title='bbox 859 2347 1030 2394; x_wconf 79' lang='lat' dir='ltr'>quadret.</span> 
     </span>
    </p>

    <p class='ocr_par' dir='ltr' id='par_1_30' title="bbox 118 2398 1019 2448">
     <span class='ocr_line' id='line_1_41' title="bbox 118 2398 1019 2448; baseline -0.001 -11"><span class='ocrx_word' id='word_1_276' title='bbox 118 2399 178 2437; x_wconf 86' lang='lat' dir='ltr'>Ut</span> <span class='ocrx_word' id='word_1_277' title='bbox 198 2411 297 2448; x_wconf 84' lang='lat' dir='ltr'>saepe</span> <span class='ocrx_word' id='word_1_278' title='bbox 315 2398 465 2448; x_wconf 86' lang='lat' dir='ltr'>ingenti</span> <span class='ocrx_word' id='word_1_279' title='bbox 485 2399 584 2436; x_wconf 91' lang='lat' dir='ltr'>bello</span> <span class='ocrx_word' id='word_1_280' title='bbox 603 2412 689 2436; x_wconf 90' lang='lat' dir='ltr'>cum</span> <span class='ocrx_word' id='word_1_281' title='bbox 710 2399 825 2448; x_wconf 82' lang='lat' dir='ltr'>longa</span> <span class='ocrx_word' id='word_1_282' title='bbox 843 2400 1019 2436; x_wconf 86' lang='lat' dir='ltr'>cohortes</span> 
     </span>
    </p>

    <p class='ocr_par' dir='ltr' id='par_1_31' title="bbox 118 2452 1305 2542">
     <span class='ocr_line' id='line_1_42' title="bbox 118 2452 1305 2502; baseline 0.003 -14"><span class='ocrx_word' id='word_1_283' title='bbox 118 2452 320 2501; x_wconf 86' lang='lat' dir='ltr'>Explicuit</span> <span class='ocrx_word' id='word_1_284' title='bbox 338 2452 449 2502; x_wconf 81' lang='lat' dir='ltr'>legio,</span> <span class='ocrx_word' id='word_1_285' title='bbox 471 2458 509 2490; x_wconf 89' lang='lat' dir='ltr'>et</span> <span class='ocrx_word' id='word_1_286' title='bbox 524 2465 658 2502; x_wconf 89' lang='lat' dir='ltr'>campo</span> <span class='ocrx_word' id='word_1_287' title='bbox 677 2454 784 2489; x_wconf 87' lang='lat' dir='ltr'>stetit</span> <span class='ocrx_word' id='word_1_288' title='bbox 804 2465 939 2502; x_wconf 84' lang='lat' dir='ltr'>agmen</span> <span class='ocrx_word' id='word_1_289' title='bbox 961 2458 1104 2502; x_wconf 79' lang='lat' dir='ltr'>aperto,</span> <span class='ocrx_word' id='word_1_290' title='bbox 1227 2455 1305 2491; x_wconf 66' lang='lat'>28‘)</span> 
     </span>
     <span class='ocr_line' id='line_1_43' title="bbox 704 2516 773 2542; baseline -0.014 0"><span class='ocrx_word' id='word_1_291' title='bbox 704 2516 726 2542; x_wconf 90' lang='lat' dir='ltr'>c</span> <span class='ocrx_word' id='word_1_292' title='bbox 770 2539 773 2541; x_wconf 83' lang='lat'>.</span> 
     </span>
    </p>
   </div>
  </div>
 </body>
</html>
