1475 2712
99 227 198 279 1v.]
508 220 856 262 GEORGICON.
1234 225 1282 262 51

148 334 298 371 Verum
319 332 383 369 ubi
403 332 579 368 ductores
591 329 673 367 acie
692 327 932 366 revocaveris
952 328 1077 372 ambo,

97 388 277 426 Deterior
295 387 360 435 qui
382 385 497 429 visus,
519 396 617 428 eum,
640 395 688 419 ne
707 382 891 431 prodigus
907 381 1017 425 obsit,

97 442 206 478 Dede
226 440 327 482 neci3
355 438 489 475 melior
507 449 631 473 vacua
650 436 732 472 sine
752 441 887 482 regnet
913 435 952 471 in
973 435 1072 471 aula.
1236 438 1288 474 90

97 495 212 531 Alter
232 493 305 530 erit
325 491 482 528 maculis
502 503 595 526 auro
615 488 880 538 squalentibus
900 489 1056 531 ardens3

96 547 198 584 Nam
219 547 293 583 duo
312 551 402 582 sunt
420 556 576 592 genera:
605 543 669 579 hic
688 541 822 578 melior
841 542 1005 590 insignis
1024 547 1063 578 et
1083 554 1159 587 ore,

97 599 149 637 Et
169 599 295 636 rutilis
314 599 438 634 clarus
458 597 643 644 squamis3
670 595 735 632 ille
754 595 932 631 horridus
951 595 1049 631 alter

97 653 267 696 Desidia,
287 653 476 699 latamque
495 650 651 686 trahens
670 647 858 697 inglorius
878 648 1019 692 alvum,

98 707 157 744 Ut
175 706 274 742 binae
293 717 428 752 regum
447 703 575 747 facies,
596 703 651 739 ita
670 713 830 749 corpora
849 701 983 749 plebis.
1238 704 1288 741 95

98 759 277 807 Namque
297 758 380 794 aliae
402 764 532 806 turpes
551 757 724 799 horrent,
744 767 812 791 ceu
835 755 991 802 pulvere
1011 755 1059 791 ab
1079 754 1157 792 alto

100 812 199 850 Cum
217 811 324 848 venit
343 816 381 848 et
400 811 500 848 sicco
520 816 661 846 terram
682 808 785 857 spuit
805 820 870 845 ore
890 808 1018 845 viator

99 865 265 907 Aridus;
293 864 444 901 elucent
464 863 547 900 aliae
567 868 603 900 et
624 862 774 910 fulgore
789 867 1002 905 coruscant,

100 918 295 955 Ardentes
315 930 407 954 auro
427 924 465 953 et
484 916 641 965 paribus
660 915 729 952 lita
748 927 908 963 corpora
926 915 1063 963 guttis.

100 970 195 1008 Haec
216 971 340 1019 potior
358 970 527 1013 suboles;
555 969 645 1006 hinc
663 969 748 1005 coeli
769 975 940 1015 tempore
961 974 1065 1005 certo
1218 970 1293 1006 100

103 1025 242 1061 Dulcia
261 1024 374 1060 mella
392 1035 555 1071 premes,
576 1035 646 1059 nec
665 1027 817 1058 tantum
837 1021 976 1066 dulcia,
997 1027 1187 1069 quantum

99 1077 151 1114 Et
170 1077 327 1126 liquida,
349 1083 388 1113 et
407 1077 548 1112 durum
568 1075 712 1112 Bacchi
733 1075 925 1111 domitura
944 1087 1131 1122 saporem.

154 1130 212 1166 At
231 1142 316 1166 cum
338 1129 488 1166 incerta
508 1129 639 1165 volant
659 1128 829 1176 coeloque
849 1129 1029 1164 examina
1048 1128 1199 1172 ludunt,

102 1182 441 1230 Contemnuntque
460 1182 569 1218 favos
589 1187 627 1218 et
649 1181 792 1229 frigida
810 1186 912 1217 tecta
931 1181 1167 1229 relinquunt,

99 1236 307 1274 Instabiles
321 1236 468 1272 animos
486 1235 578 1271 ludo
596 1234 820 1283 prohibebis
839 1234 958 1271 inani.
1221 1236 1293 1272 105

101 1290 186 1327 Nec
204 1301 366 1338 magnus
380 1288 586 1337 prohibere
603 1288 723 1324 labor.
783 1287 845 1324 Tu
864 1287 1021 1336 regibus
1041 1288 1120 1325 alas

101 1343 220 1391 Eripe
228 1357 238 1386 3
263 1355 338 1379 non
359 1342 435 1378 illis
454 1341 656 1390 quisquam
675 1341 947 1378 cunctantibus
965 1340 1086 1377 altum

101 1396 166 1433 Ire
184 1397 272 1440 iter,
291 1401 358 1432 aut
378 1395 513 1432 castris
533 1395 689 1431 audebit
710 1393 853 1431 vellere
872 1395 995 1442 signa.

102 1449 278 1486 Invitent
298 1450 442 1485 croceis
461 1448 635 1485 halantes
654 1447 813 1484 floribus
832 1447 947 1492 horti,

103 1503 155 1539 Et
176 1507 302 1539 custos
322 1501 452 1538 furum
472 1508 587 1550 atque
606 1501 737 1537 avium
757 1512 844 1537 cum
864 1500 962 1538 falce
981 1500 1132 1550 saligna
1224 1503 1298 1538 110

105 1554 405 1604 Hellespontiaci
425 1562 552 1591 servet
577 1552 699 1591 tutela
719 1554 868 1603 Priapi.

104 1609 194 1657 Ipse
213 1609 390 1657 thymum
410 1608 596 1656 pinosque
616 1607 744 1644 ferens
764 1608 811 1644 de
832 1606 1029 1644 montibus
1049 1607 1138 1644 altis

105 1662 226 1699 Tecta
246 1668 346 1698 serat
365 1662 441 1698 late
459 1661 616 1704 circum,
638 1661 699 1697 cui
719 1660 811 1697 talia
830 1671 950 1704 curae3

104 1716 194 1764 Ipse
212 1715 341 1752 labore
360 1727 516 1751 manum
535 1715 632 1750 duro
651 1719 762 1757 terat,
784 1713 866 1761 ipse
884 1713 1031 1751 feraces

105 1769 221 1818 Figat
239 1768 357 1804 humo
375 1768 536 1815 plantaS,
558 1772 596 1803 et
615 1767 756 1804 amicos
776 1766 913 1815 irriget
932 1766 1086 1804 imbres.
1226 1768 1299 1804 115

160 1822 292 1870 Atque
308 1821 496 1869 equidem,
519 1826 695 1857 extremo
716 1820 755 1855 ni
768 1818 851 1867 jam
872 1821 943 1856 sub
963 1821 1040 1856 fine
1058 1820 1235 1857 laborum

105 1874 205 1912 Vela
223 1874 387 1919 traham,
405 1880 443 1911 et
461 1873 576 1910 terris
594 1872 774 1910 festinem
793 1873 995 1910 advertere
1014 1885 1179 1921 proram,

107 1928 286 1965 Forsitan
306 1933 355 1970 et,
376 1927 540 1976 pingues
559 1927 690 1963 hortos
709 1937 795 1975 quae
815 1938 907 1963 cura
926 1926 1076 1963 colendi

109 1980 286 2026 Ornaret,
307 1992 494 2024 canerem,
516 1979 706 2028 biferique
725 1979 871 2016 rosaria
890 1977 1021 2023 Paesti3

110 2033 273 2082 Quoque
290 2033 402 2070 modo
421 2033 522 2081 potis
540 2033 753 2082 gauderent
773 2033 910 2070 intuba
929 2033 1024 2070 rivis
1230 2034 1304 2070 120

108 2086 161 2124 Et
179 2087 324 2124 virides
343 2086 430 2135 apio
447 2086 553 2134 ripae,
573 2092 774 2134 tortusque
793 2097 862 2134 per
876 2086 1035 2123 herbam

110 2140 310 2178 Cresceret
329 2139 368 2175 in
388 2145 561 2176 ventrem
583 2139 771 2182 cucumis3
801 2151 872 2176 nec
892 2152 976 2176 sera
996 2145 1211 2176 comantem

110 2193 349 2237 Narcissum,
370 2199 438 2229 aut
457 2192 550 2228 flexi
568 2192 771 2229 tacuissem
792 2193 921 2229 vimen
941 2193 1096 2229 acanthi
1230 2209 1248 2226 ο

110 2247 380 2293 Pallentesque
399 2246 560 2282 hederas
580 2251 618 2282 et
637 2251 808 2282 amantes
828 2245 942 2282 litora
961 2253 1123 2295 myrtos.

109 2299 290 2348 Namque
308 2299 380 2336 sub
398 2298 564 2335 OEbaliae
583 2298 740 2335 memini
760 2311 820 2335 me
840 2299 1015 2336 turribus
1035 2299 1134 2345 altis,
1231 2301 1304 2337 125

113 2352 200 2398 Qua
219 2353 330 2402 niger
348 2352 545 2389 humectat
564 2351 747 2389 flaventia
766 2351 870 2389 culta
889 2351 1078 2397 Galaesus,

112 2405 321 2456 Corycium
340 2405 483 2443 vidisse
502 2417 643 2450 senem,
665 2405 726 2442 cui
748 2417 870 2454 pauca
888 2405 1014 2443 relicti

109 2459 263 2509 angera
278 2458 380 2496 ruris
399 2465 519 2504 erant,
541 2471 611 2497 nec
631 2458 771 2497 fertilis
791 2458 858 2496 illa
869 2457 1062 2506 juvencis,
