1475 2712
89 174 167 225 ιιι]
611 186 732 213 nsn.
1203 176 1253 215 63

145 283 252 328 Uror,
273 287 311 321 ct
329 282 400 320 hoc
418 282 530 331 longo
549 287 714 332 tempore
733 283 866 319 vulnus
885 283 955 320 alo.

91 335 218 382 Effice,
238 336 278 372 di
296 337 420 374 studio
438 336 572 373 similes
591 349 759 373 coeamus
777 337 815 373 in
833 349 962 373 unum.

143 390 380 428 Conveniunt
402 396 522 439 partes
540 390 597 426 hae
617 389 695 434 tibi,
716 390 828 427 comis
842 403 946 427 anus.

88 443 258 481 Dixerat.
315 443 384 480 Illa
402 444 512 480 deum
531 443 708 492 promisso
727 443 824 481 ludit
842 443 954 488 inani,
1167 444 1242 482 685

143 497 192 535 Et
210 497 359 535 stultam
375 497 487 534 dubia
505 509 606 546 spem
620 496 735 534 trahit
750 509 866 546 usque
885 510 996 534 mora.

89 550 231 600 Saepius
249 550 414 595 instanti,
437 550 615 587 Mandata
634 550 852 598 peregimus,
872 551 1016 598 inquit3

139 604 271 642 Evicta
289 609 344 641 est
362 603 529 652 precibus
549 617 557 640 :
587 603 649 639 vix
666 603 769 640 dedit
782 604 845 641 illa
864 615 1003 641 manus.

87 658 238 696 Gaudet
255 669 391 702 amans,
412 657 665 706 thalamosque
684 665 799 705 parat.
858 657 1068 696 Deducitur
1086 659 1174 696 illuc

140 713 251 749 Anna
269 717 399 759 tegens
417 711 551 756 vultus,
573 716 615 748 ut
634 723 729 747 nova
748 716 877 759 nupta,
899 723 997 748 suos·
1167 711 1242 750 690

87 765 224 802 Oscula
242 770 429 802 sumturus
447 764 568 802 subito
589 764 689 800 Mars
707 765 864 813 adspicit
878 765 1048 810 Annam3

132 817 242 855 Nunc
262 818 383 868 pudor
404 818 558 863 elusum,
580 830 679 854 nunc
694 818 792 855 subit
812 818 867 854 ira
885 819 1006 855 deum.

87 872 202 909 Ridet
219 877 418 909 amatorem
437 884 530 908 carae
551 884 646 908 nova
665 871 751 907 diva
771 871 947 908 Minervae
969 885 977 909 :

137 926 215 962 Nec
233 939 291 963 res
309 926 377 962 hac
393 925 528 962 Veneri
547 926 687 973 gratior
706 925 780 962 ulla
799 925 880 963 fuit.

84 978 177 1016 Inde
185 979 263 1028 joci
282 984 422 1016 veteres
441 979 680 1028 obscaenaque
699 979 797 1016 dicta
816 984 1024 1017 canuntur:
1163 978 1238 1017 695

137 1033 187 1070 Et
195 1033 303 1081 juvat
321 1033 415 1069 hanc
434 1045 568 1081 magno
588 1034 699 1069 verba
719 1032 863 1069 dedisse
882 1033 964 1069 deo.

82 1086 344 1124 Praeteriturus
362 1098 459 1122 eram
479 1086 615 1133 gladios
630 1087 668 1122 in
686 1086 851 1135 principe
861 1086 954 1123 fixos
974 1100 982 1130 ;

135 1139 229 1176 Cum
249 1140 299 1176 sic
318 1152 339 1176 a
355 1139 462 1176 castis
487 1139 598 1177 Vesta
616 1140 740 1176 locuta
758 1139 847 1176 focis
865 1151 872 1174 :

80 1194 139 1230 Ne
156 1193 286 1230 dubita
304 1193 510 1230 meminisse
525 1206 533 1230 ε
563 1205 666 1229 meus
683 1193 752 1230 suit
770 1193 832 1229 ille
850 1193 1031 1230 sacerdos.

133 1246 327 1294 Sacrilegae
346 1245 429 1283 telis
445 1258 504 1282 me
523 1246 660 1294 petiere
679 1258 819 1283 manus.
1165 1246 1240 1284 701)

81 1300 165 1350 Ipsa
182 1299 303 1336 virum
322 1300 438 1346 rapui,
460 1300 723 1347 simulacraque
742 1300 842 1336 nuda
862 1299 1005 1349 reliqui.

130 1353 225 1399 Quae
246 1353 377 1390 cecidit
395 1354 501 1397 ferro,
524 1353 678 1390 Caesaris
698 1353 827 1389 umbra
843 1352 925 1390 fuit.

82 1407 149 1443 Ille
167 1407 314 1456 quidem
334 1408 424 1444 coelo
442 1406 582 1456 positus
600 1407 624 1443 J
629 1406 704 1443 ovis
723 1406 816 1443 atria
834 1410 965 1451 servat,

133 1459 181 1497 Et
200 1465 302 1498 tenet
321 1460 359 1496 in
379 1473 513 1508 magno
532 1460 669 1509 templa
688 1460 809 1497 dicata
829 1459 938 1496 Foro.

80 1514 132 1550 At
151 1515 372 1562 quicumque
391 1514 491 1550 nefas
511 1514 600 1558 ausi,
622 1513 840 1562 prohibente
858 1513 1011 1550 deorum
1163 1511 1237 1550 705

128 1567 302 1611 Numine,
321 1568 528 1616 polluerant
548 1567 756 1616 pontificale
774 1572 884 1616 caput
903 1579 912 1610 3

78 1620 202 1658 Morte
215 1621 342 1668 jacent
362 1622 502 1658 merita.
558 1621 686 1658 Testes
705 1626 824 1658 estote
844 1620 1016 1669 Philippi,

133 1673 182 1711 Et
201 1687 356 1723 quorum
376 1675 507 1723 sparsis
521 1675 661 1711 ossibus
681 1675 780 1710 albet
798 1674 941 1710 humus.

77 1726 162 1763 Hoc
180 1739 283 1776 opus,
304 1728 382 1765 haec
401 1728 526 1776 pietas,
544 1728 623 1764 haec
642 1727 759 1777 prima
777 1727 956 1764 elementa
974 1727 1125 1765 suerunt

122 1779 288 1827 Caesaris,
310 1782 436 1818 ulcisci
448 1781 552 1830 justa
572 1794 641 1830 per
660 1793 761 1818 arma
779 1787 936 1830 patrem.
1164 1780 1240 1818 710

84 1883 237 1921 Postera
255 1897 336 1921 cum
352 1890 497 1922 teneras
516 1885 664 1921 Aurora
682 1883 850 1921 refecerit
868 1883 1011 1928 herbas,

135 1938 304 1988 Scorpios
323 1951 344 1975 a
362 1939 479 1988 prima
497 1946 602 1987 parte
621 1937 803 1974 videndus
822 1937 907 1976 erit.

83 2041 210 2079 Tertia
228 2047 310 2091 post
330 2043 418 2080 Idus
437 2043 500 2079 lux
519 2046 573 2080 est
593 2041 827 2080 celeberrima
846 2041 1006 2078 Baccho.

137 2095 290 2141 Bacche,
312 2097 392 2133 fave
411 2096 497 2139 vati,
518 2097 606 2135 dum
625 2100 690 2133 tua
707 2095 800 2132 festa
814 2107 916 2132 cano.

84 2149 163 2185 Nec
181 2149 333 2186 referam
354 2150 532 2194 Semelen,
552 2149 600 2186 ad
617 2161 724 2198 quam
743 2149 814 2185 nisi
831 2148 984 2186 fulmina
1003 2160 1125 2185 secum
1162 2147 1237 2186 715

134 2202 282 2252 Jupiter
300 2203 470 2248 adferret,
491 2215 623 2252 parvus
641 2202 790 2239 inermis
812 2207 890 2239 erat
910 2216 918 2239 ;

84 2256 163 2292 Nee
181 2269 272 2305 puer
291 2262 332 2294 ut
351 2269 472 2305 posses
488 2263 631 2293 maturo
650 2260 813 2304 tempore
832 2255 942 2300 nasci,

138 2309 336 2358 Expletum
354 2310 473 2359 patrio
492 2322 643 2358 corpore
661 2309 787 2346 matris
802 2321 908 2345 onus.

85 2362 268 2408 Sithonas,
290 2369 327 2401 et
343 2363 533 2413 Scythicos
548 2363 700 2411 longum
719 2374 933 2399 enumerare
952 2362 1168 2413 triumphos,

137 2416 187 2454 Et
206 2417 362 2455 domitas
381 2422 521 2465 gentes,
541 2416 697 2455 thurifer
716 2415 820 2462 Inde,
842 2423 922 2453 tuas
943 2430 951 2454 :
1166 2415 1242 2455 7⁴20
