1414 2666
155 149 204 186 16
614 161 826 190 CARMINUM
845 162 874 189 1.

150 255 249 293 Cum
269 256 324 294 sas
342 263 450 307 atque
471 258 572 296 nefas
589 260 723 307 exiguo
742 258 816 295 fine
835 257 1028 296 libidinum
1295 259 1339 296 10

151 308 375 348 Discernunt
394 311 507 349 avidi.
562 312 648 350 Non
668 324 734 360 ego
752 318 800 358 te,
820 311 973 349 candide
994 311 1188 360 Bassareu,

152 362 315 402 Invitum
334 366 509 415 quatiam,
529 377 598 403 nec
615 366 722 403 variis
742 365 858 403 obsita
884 365 1071 403 frondibus

150 417 225 455 Sub
244 418 369 456 divum
391 419 544 468 rapiam.
603 419 724 458 Saeva
739 426 822 456 tene
842 431 928 456 cum
952 419 1172 469 Berecyntio

149 471 275 509 Cornu
296 478 485 522 tympana,
506 485 600 522 quae
619 474 849 523 subsequitur
866 485 1003 510 caecus
1025 474 1143 511 Amor
1159 474 1230 521 sui,

149 524 199 562 Et
218 526 346 563 tollens
364 538 524 563 vacuum
545 527 625 576 plus
645 528 758 565 nimio
778 526 902 564 Gloria
921 527 1110 574 verticem,
1291 528 1337 564 15

145 580 359 628 Arcanique
379 579 491 617 Fides
509 580 674 630 prodiga,
693 580 914 631 perlucidior
933 581 1039 619 vitro.

451 683 541 722 Om:
571 682 796 722 XIX—De
827 683 999 734 Glycera.

356 788 513 826 MATER
531 799 642 825 saeva
662 788 903 838 Cupidinum,

252 840 527 891 Thebanaeque
543 840 648 890 jubet
669 854 728 878 me
750 841 912 878 Semeles
930 853 1033 891 puer,

364 894 414 932 Et
432 896 570 932 lasciva
589 895 769 942 Licentia,

253 948 383 987 Finitis
401 949 568 986 animum
588 947 736 986 reddere
756 949 955 987 amoribus.

357 1001 436 1039 Urit
457 1016 516 1040 rne
536 1002 716 1051 Glycerae
737 1003 841 1049 nitor,
1310 1003 1334 1040 5

253 1054 485 1104 Splendentis
505 1056 608 1094 Pario
631 1067 810 1094 marmore
828 1057 954 1106 purius
972 1069 982 1094 ε

366 1107 441 1147 Urit
459 1116 559 1159 grata
578 1110 804 1160 protervitas,

250 1161 301 1199 Et
319 1163 440 1200 vultus
460 1164 612 1202 nimium
635 1164 796 1201 lubricus
814 1162 964 1214 adspici.

360 1217 404 1255 ln
424 1230 481 1254 me
501 1225 571 1254 tota
593 1229 702 1255 ruens
720 1217 849 1254 Venus

251 1269 419 1321 Cyprum
438 1270 617 1319 deseruit3
647 1283 716 1308 nec
733 1272 866 1321 patitur
882 1270 1038 1319 Scythas
1287 1272 1332 1308 lO

357 1324 419 1371 Et,
439 1325 551 1362 versis
569 1325 776 1362 animosum
796 1325 911 1373 equis,

248 1376 420 1415 Parthum
441 1378 573 1424 dicere,
591 1390 660 1416 nec
679 1390 773 1427 quae
792 1378 879 1415 nihil
898 1379 1058 1417 attinent.

358 1431 434 1469 Hic
454 1432 582 1469 vivum
603 1431 691 1469 mihi
707 1432 898 1481 cespitem,
918 1430 979 1469 hic

248 1483 449 1532 Verbenas,
469 1486 584 1535 pueri,
605 1487 742 1536 ponite,
763 1492 927 1535 turaque,

351 1537 448 1576 Bimi
469 1551 554 1577 cum
575 1547 700 1589 patera
720 1540 807 1576 meri
825 1550 835 1575 ε
1281 1542 1327 1578 15

244 1590 412 1630 Mactata
434 1594 556 1630 veniet
575 1594 687 1630 lenior
702 1591 833 1630 hostia.

432 1696 522 1735 Oui:
552 1695 766 1735 XX-——Ad
781 1697 1040 1737 Maecenatem.

246 1799 344 1836 Vim:
361 1801 504 1850 potabis
525 1800 677 1837 modicis
699 1798 876 1837 Sabinum

245 1852 454 1900 cantharis,
477 1853 620 1891 Graeca
639 1852 736 1902 quod
755 1864 821 1901 ego
839 1853 917 1903 ipse
931 1858 1023 1890 testa

245 1906 442 1944 Conditum
462 1908 545 1954 levi,
565 1906 670 1944 datus
689 1907 725 1942 in
745 1905 885 1944 theatro

355 1961 449 1998 Cum
471 1961 531 1998 tibi
552 1960 715 2010 plausus,

241 2014 336 2052 Care
353 2015 555 2052 Maecenas
570 2026 682 2063 eques
703 2026 713 2061 3
741 2018 780 2050 ut
798 2015 937 2064 paterni
1300 2018 1323 2052 5

240 2066 419 2105 Fluminis
438 2068 550 2117 ripae,
569 2068 676 2104 simul
692 2074 727 2104 et
743 2067 874 2117 jocosa

244 2121 422 2160 Redderet
441 2121 568 2159 laudes
585 2121 646 2158 tibi
667 2121 836 2159 Vaticani

354 2175 491 2214 Montis
509 2177 647 2224 imago.

247 2229 467 2267 Caecubum
485 2236 522 2268 et
540 2229 641 2279 prelo
660 2227 835 2266 domitam
858 2229 1001 2267 Caleno

245 2282 302 2320 Tu
320 2282 423 2320 bibes
443 2294 578 2320 uvam:
609 2293 691 2319 mea
711 2294 782 2319 nec
800 2282 982 2320 Falernae
1274 2284 1321 2320 10

245 2336 469 2387 Temperant
487 2338 578 2374 vites
594 2346 713 2386 neque
732 2335 918 2376 Formiani
1163 2351 1167 2354 ⁴

351 2389 491 2428 Pocula
511 2389 634 2430 colles
