1414 2666
197 194 249 232 32
648 203 838 231 AENEIDOS
858 201 900 230 α.

200 302 392 340 Scandunt
410 315 537 339 rursus
553 314 699 351 equum,
720 305 758 339 et
775 306 865 339 nota
879 298 1090 338 conduntur
1115 298 1155 335 in
1173 296 1254 335 alvo
1306 309 1310 314 ·

199 355 288 392 Heu
304 356 312 393 Σ
341 355 434 393 nihil
454 355 580 393 invitis
596 355 650 392 fas
669 367 890 404 quemquam
906 353 1021 390 fidere
1038 351 1143 390 divis.

252 409 369 461 Ecce!
399 409 616 447 trahebatur
637 408 749 458 passis
768 407 948 445 Priameia
967 406 1073 455 virgo

199 463 373 500 Crinibus
391 476 413 500 a
430 462 581 511 templo,
603 460 821 505 Cassandra,
843 461 1036 510 adytisque
1054 458 1256 504 Minervae,

199 516 262 552 Ad
280 516 423 553 coelum
440 516 598 554 tendens
617 515 783 552 ardentia
800 514 940 552 lumina
956 513 1114 551 frustra:
1283 510 1361 548 405

201 568 379 610 Lumina:
409 582 494 606 nam
514 574 659 608 teneras
676 569 850 606 arcebant
867 567 1014 604 vincula
1031 566 1170 616 palmas

201 623 288 659 Non
306 623 396 662 tulit
412 623 506 660 hanc
524 623 681 672 speciem
700 622 836 659 furiata
854 628 979 658 mente
999 619 1200 664 Coroebus,

202 676 252 714 Et
271 689 349 713 sese
368 676 529 714 medium
548 676 673 725 injecit
692 675 879 724 periturus
896 675 936 711 in
955 686 1101 723 agmen.

201 729 468 778 Consequimur
487 730 621 775 cuncti,
638 734 676 767 et
694 729 820 766 densis
839 728 1059 766 incurrimus
1077 726 1201 764 armis.

202 782 275 820 Hic
293 785 450 833 primum
469 796 515 821 ex
534 784 609 821 alto
628 782 774 820 delubri
793 782 954 819 culmine
972 781 1054 818 telis
1283 778 1361 816 410

202 837 422 875 Nostrorum
441 837 642 880 obruimur,
664 836 855 884 oriturque
872 834 1075 871 miserrima
1094 833 1223 872 caedes

210 891 411 928 Armorum
429 890 532 936 facie,
554 895 591 928 et
612 889 810 938 Grajarum
829 900 953 926 errore
965 887 1153 937 jubarum.

203 945 300 981 Tum
320 945 453 988 Danai,
474 944 615 993 gemitu
635 950 746 991 atque
763 946 912 991 ereptae
930 941 1084 990 virginis
1098 941 1164 986 ira,

205 997 380 1047 Undique
398 997 544 1036 collecti
569 996 752 1034 invadunt
770 1009 778 1038 ;
809 995 1009 1033 acerrimus
1028 994 1138 1044 Ajax,

205 1055 255 1091 Et
274 1053 412 1101 gemini
431 1051 600 1096 Atridae,
623 1050 882 1099 Delopumque
899 1049 1083 1086 exercitus
1102 1047 1232 1085 omnis.
1289 1047 1365 1084 415

200 1106 358 1145 Adversi
377 1109 488 1154 rupto
506 1117 571 1142 ceu
587 1104 771 1154 quondam
791 1102 940 1141 turbine
958 1101 1060 1141 venti

203 1161 435 1209 Confligunt,
455 1158 731 1208 Zephyrusque,
751 1157 961 1206 Notusque,
980 1161 1019 1194 et
1036 1156 1157 1194 laetus
1177 1154 1263 1193 Eois
1319 1196 1322 1202 ¹

208 1216 328 1253 Eurus
345 1213 471 1263 equis:
501 1211 665 1250 stridunt
683 1211 806 1255 silvae,
828 1209 1018 1259 saevitque
1037 1208 1193 1247 tridenti

206 1271 387 1319 Spumeus
401 1271 512 1314 atque
529 1265 603 1302 imo
624 1265 766 1302 Nereus
785 1264 857 1301 ciet
876 1275 1036 1312 aequora
1053 1262 1185 1300 fundo.

208 1324 267 1360 llli
286 1322 408 1366 etiam,
429 1320 460 1357 si
477 1331 569 1369 quos
589 1319 743 1355 obscura
761 1323 871 1355 nocte
889 1330 955 1366 per
973 1317 1142 1354 umbram
1287 1315 1365 1352 420

209 1376 386 1415 Fudimus
405 1373 557 1417 insidiis,
576 1378 728 1419 totaque
747 1370 968 1420 agitavimus
985 1371 1089 1414 urbe,

208 1431 405 1480 Apparent
425 1440 432 1465 :
463 1426 571 1476 primi
592 1426 740 1475 clipeos,
761 1424 991 1473 mentitaque
1008 1424 1096 1464 tela,

207 1484 443 1533 Agnoscunt,
464 1487 575 1529 atque
590 1492 654 1516 ora
671 1491 762 1516 sono
780 1477 963 1515 discordia
980 1477 1143 1526 signant.

208 1538 313 1575 Ilicet
327 1535 518 1574 obruimur
536 1545 690 1570 numero
705 1546 713 1570 ε
744 1531 954 1582 prImusque
973 1531 1161 1568 Coroebus

212 1590 362 1629 Penelei
381 1589 522 1632 dextra,
544 1587 651 1624 divae
668 1585 922 1634 armipotentis
941 1585 988 1622 ad
1007 1597 1119 1629 aram,
1292 1583 1368 1621 425

212 1643 450 1683 Procumbit:
479 1641 580 1678 cadit
600 1645 637 1678 et
656 1639 834 1689 Rhipeus,
850 1638 1074 1688 justissimus
1093 1649 1189 1676 unus

214 1699 289 1744 Qui
307 1698 377 1735 fuit
391 1698 430 1733 in
451 1694 615 1739 Teucris,
635 1698 673 1731 et
691 1693 984 1731 servantissimus
1003 1692 1132 1741 aequi:

212 1753 282 1790 Dis
302 1751 408 1789 aliter
426 1749 543 1786 visum
559 1761 567 1785 t
597 1753 754 1797 pereunt
773 1746 1019 1796 Hypanisque
1038 1745 1264 1795 Dymasque,

215 1805 361 1844 Confixi
380 1817 401 1841 a
421 1802 548 1845 sociis;
579 1813 646 1838 nec
660 1806 699 1838 te
713 1806 778 1838 tua
795 1800 964 1849 plurima,
987 1798 1147 1841 Panthu.

212 1860 417 1897 Labentem
436 1857 564 1906 pietas,
585 1867 653 1891 nec
673 1853 856 1903 Apollinis
872 1853 989 1890 infula
1007 1853 1112 1890 texit.
1295 1852 1372 1890 430

216 1913 322 1951 Iliaci
341 1911 492 1953 cineres,
512 1914 550 1947 et
567 1908 715 1945 flamma
733 1913 899 1945 extrema
917 1919 1095 1950 meorum,

217 1967 362 2009 Testor,
382 1964 424 2001 in
443 1975 574 2001 occasu
595 1967 718 1998 vestro
736 1974 803 1998 nec
823 1960 896 1998 tela
915 1973 984 1998 nec
1001 1959 1094 1996 ullas

215 2019 399 2058 Vitavisse
417 2017 513 2054 vices
531 2015 705 2053 Danassm
722 2027 732 2058 ;
760 2021 809 2059 et,
830 2014 858 2052 si
877 2015 954 2052 fata
970 2013 1126 2052 fuissent

219 2075 272 2111 Ut
287 2073 466 2116 caderem,
487 2070 664 2107 meruisse
678 2081 803 2105 manu.
859 2067 1082 2105 Divellimur
1098 2067 1197 2112 inde,

219 2127 368 2178 Iphitus
386 2130 424 2163 et
445 2123 563 2162 Pelias
581 2134 747 2165 mecum;
777 2134 933 2170 quorum
955 2121 1098 2170 Iphitus
1117 2133 1207 2159 aevo
1297 2119 1373 2157 4:35

216 2183 241 2220 J
244 2195 303 2219 am
320 2179 479 2230 gravior,
499 2176 618 2215 Pelias
635 2182 674 2213 et
692 2175 841 2213 volnere
859 2175 988 2213 tardus
1010 2174 1113 2212 Ulixi
1128 2189 1136 2219 ;

217 2236 398 2273 Protenus
416 2232 464 2270 ad
481 2230 585 2268 sedes
604 2229 737 2266 Priami
757 2229 915 2267 clamore
932 2228 1064 2266 vocati.

217 2289 291 2326 Hic
305 2299 392 2326 vero
410 2286 601 2334 ingentem
618 2295 793 2332 pugnam,
814 2295 882 2320 ceu
900 2288 1023 2320 cetera
1040 2294 1219 2331 nusquam

218 2342 322 2382 Bella
339 2341 476 2383 forent,
494 2338 588 2376 nulli
606 2342 687 2374 tota
704 2340 934 2374 morerentur
952 2335 991 2372 in
1010 2337 1113 2382 urbe,

214 2397 275 2434 Sic
295 2394 454 2433 Martem
471 2391 708 2435 indomitum,
724 2390 947 2438 Danaosque
957 2388 1006 2426 ad
1019 2393 1118 2428 tecta
1131 2389 1285 2434 ruentis,
1300 2387 1377 2425 440

214 2448 417 2494 Cernimus,
438 2446 699 2497 obsessumque
716 2449 799 2484 acta
816 2442 1003 2483 testudine
1020 2442 1145 2483 limen.
