1475 2712
516 215 704 243 ⁴§animnos
730 214 770 243 Π.
1171 204 1221 244 29

73 310 305 364 Volneraque
321 312 394 359 illa,
413 324 555 362 gerens,
575 324 668 360 quae
686 311 822 350 circum
842 311 997 361 plurima
1015 323 1137 349 muros

69 364 228 416 Accepit
247 367 397 417 patrios.
454 366 562 404 Ultro
580 366 670 403 flens
688 365 766 415 ipse
783 365 933 403 videbar

70 418 301 469 Compellare
319 421 447 465 virum,
467 425 505 457 et
523 426 679 457 moestas
697 431 910 468 expromere
929 430 1033 455 voces
1052 431 1060 456 :
1142 416 1217 455 280

69 470 104 509 Ο
123 472 185 510 lux
207 473 438 511 Dardaniae!
468 485 548 522 spes
567 485 589 509 o
607 472 780 510 fidissima
802 472 1008 509 Teucrum!

68 525 173 570 Quae
192 534 316 565 tantae
334 533 484 565 tenuere
504 526 649 564 morae!
676 525 807 575 quibus
824 525 967 563 Hector
984 525 1031 563 ab
1050 524 1121 563 oris

70 578 288 629 Exspectate
307 580 406 618 venis
421 580 440 618 ἶ)
467 585 510 618 ut
528 586 576 625 te,
597 587 679 628 post
697 580 813 618 multa
832 585 978 617 tuorum

64 630 222 679 Funera,
242 641 324 683 post
342 634 459 671 varios
478 633 738 681 hominumque
756 633 927 681 urbisque
945 632 1098 677 labores,

67 685 210 724 Defessi
228 688 446 737 adspicimus
467 688 474 725 ἔ
503 700 595 736 quae
613 700 739 725 caussa
757 686 910 735 indigna
927 698 1072 723 serenos
1142 685 1216 722 285

66 739 243 779 Foedavit
262 741 381 779 voltus
395 741 414 779 ἶ)
441 747 505 780 aut
523 754 588 779 cur
605 741 694 779 haec
713 740 863 778 volnera
880 752 990 777 cerno
1008 739 1026 777 ἶ)

66 792 132 830 Ille
149 794 261 838 nihil;
291 808 359 832 nec
378 808 435 832 me
453 803 686 843 quaerentem
706 806 800 831 vana
818 799 981 831 moratur
996 806 1004 831 z

65 847 150 893 Sed,
169 849 332 898 gravit-er
349 849 508 898 gemitus
526 849 600 886 imo
619 848 665 885 de
683 853 832 897 pectore
851 847 1001 892 ducens,

63 900 149 938 Heu
165 902 172 940 1
194 902 293 951 fuge,
312 909 399 940 nate
417 903 498 948 dea,
519 908 627 951 teque
646 902 713 947 his,
731 901 793 946 ait,
815 901 913 951 eripe
933 900 1097 939 flammis.

67 953 196 993 Hostis
215 955 326 995 habet
345 969 468 993 muros
484 970 492 994 :
523 957 597 994 ruit
616 955 691 994 alto
710 968 731 992 a
749 955 906 992 culmine
927 953 1051 1003 Troja.
1146 955 1222 995 2902

61 1008 127 1046 Sat
145 1009 284 1058 patriae
305 1010 520 1058 Priamoque
538 1010 676 1048 datum.
733 1008 772 1046 Si
792 1008 970 1057 Pergama
989 1008 1118 1048 dextra

62 1061 222 1099 Defendi
240 1070 400 1112 possent,
420 1064 530 1101 etiarn
549 1062 616 1100 hac
635 1062 784 1099 defensa
802 1062 969 1100 fuissent.

61 1116 171 1152 Sacra
190 1122 344 1165 suosque
362 1117 430 1154 tibi
449 1116 680 1154 commendat
699 1115 811 1164 Troja
831 1115 987 1153 Penates
1003 1129 1010 1153 :

60 1168 142 1206 Hos
159 1182 247 1218 cape
265 1170 422 1210 fatorum
442 1170 593 1208 comites
613 1183 621 1207 :
650 1168 705 1206 his
723 1169 866 1206 moenia
883 1181 1026 1217 quaere,

60 1222 199 1272 Magna
217 1230 402 1272 pererrato
421 1229 559 1262 statues
578 1235 671 1271 quae
689 1222 846 1271 denique
865 1229 992 1271 ponto.
1137 1223 1213 1262 295

60 1276 119 1313 Sic
137 1276 212 1319 ait;
242 1281 279 1314 et
299 1277 466 1315 manibus
485 1277 606 1322 vittas,
627 1276 850 1325 Vestamque
876 1281 1077 1325 potentem,

60 1329 335 1379 Aeternumque
353 1331 474 1380 adytis
493 1331 597 1368 effert
617 1330 863 1379 penetralibus
881 1330 1016 1378 ignem.

111 1384 267 1421 Diverso
285 1385 425 1422 interea
444 1385 642 1422 miscentur
661 1384 804 1421 moenia
822 1383 924 1420 luctu
944 1397 953 1427 ;

60 1437 108 1476 Et
127 1437 243 1486 magis
261 1446 372 1487 atque
389 1438 514 1487 magis,
535 1450 753 1487 quamquam
773 1441 911 1475 secreta
928 1439 1088 1486 parentis

58 1491 241 1529 Anchisae
258 1492 388 1529 domus
408 1492 670 1540 arboribusque
688 1491 835 1529 obtecta
853 1491 1012 1535 recessit,
1134 1491 1212 1530 304}

59 1544 274 1584 Clarescunt
292 1546 444 1592 sonitus,
465 1557 719 1594 armorumque
736 1544 877 1593 ingruit
895 1544 1038 1582 horror.

59 1597 236 1636 Excutior
254 1612 392 1645 somno,
413 1604 450 1638 et
468 1599 599 1636 summi
616 1598 762 1647 fastigia
779 1598 868 1637 tecti

58 1652 249 1690 Adscensu
268 1665 410 1702 supero,
431 1657 540 1701 atque
558 1653 708 1691 arrectis
726 1652 875 1689 auribus
893 1650 998 1690 adsto
1019 1664 1027 1688 :

58 1704 102 1742 ln
121 1711 292 1754 segetem,
313 1706 439 1751 veluti,
458 1718 572 1755 quum
590 1706 745 1750 flamma,
764 1705 968 1743 furentibus
986 1703 1129 1749 austris,

58 1757 203 1804 Incidit,
223 1766 288 1798 aut
305 1760 454 1810 rapidus
471 1764 646 1797 montano
663 1758 813 1796 flumine
830 1763 972 1796 torrens
1134 1756 1216 1796 305

57 1812 197 1850 Sternit
216 1825 335 1861 agros,
355 1813 487 1851 sternit
505 1818 584 1851 sata
599 1813 706 1858 laeta,
727 1813 909 1861 boumque
926 1812 1079 1857 labores,

58 1863 349 1915 Praecipitesque
367 1866 481 1904 trahit
498 1867 630 1909 silvas;
658 1871 781 1915 stupet
798 1866 944 1910 inscius,
965 1865 1040 1903 alto

55 1919 248 1968 Accipiens
266 1921 427 1958 sonitum
445 1920 523 1957 saxi
541 1920 588 1957 de
607 1919 752 1964 vertice,
772 1925 909 1968 pastor.

56 1972 151 2010 Tum
171 1986 257 2011 vero
274 1974 466 2012 manifesta
483 1974 584 2018 fides,
605 1973 848 2021 Dananmque
865 1977 1057 2022 patescunt

57 2026 225 2064 insidiae.
279 2027 303 2064 J
307 2040 364 2064 am
385 2027 569 2077 Deiphobi
587 2027 691 2065 dedit
709 2027 829 2076 ampla
847 2026 1000 2070 ruinam,
1132 2024 1208 2063 310
1257 2053 1261 2057 .

57 2080 221 2118 Volcano
239 2086 445 2130 superante,
466 2081 618 2118 domus:
641 2081 718 2128 jam
738 2079 922 2129 proximus
941 2080 1046 2117 ardet

57 2133 269 2182 Ucalegon:
300 2135 409 2183 Sigea
424 2134 502 2183 igni
521 2135 614 2173 freta
629 2134 704 2172 lata
722 2135 898 2172 relucent.

55 2186 231 2225 Exoritur
249 2187 456 2237 clamorque
474 2188 604 2232 virum,
622 2188 844 2236 clangorque
867 2187 1048 2226 tubarum.

54 2242 169 2279 Arma
187 2253 312 2279 amens
330 2242 433 2291 capio
452 2255 461 2285 ;
490 2254 558 2279 nec
575 2247 632 2279 sat
650 2243 801 2279 rationis
820 2241 856 2278 in
876 2242 995 2279 armis.

55 2294 127 2331 Sed
145 2294 348 2344 glomerare
361 2307 508 2332 manum
528 2295 635 2337 bello,
649 2300 919 2341 etconcurrere
936 2295 974 2331 in
993 2308 1110 2333 arcem
1129 2296 1204 2334 315

55 2348 148 2386 Cum
167 2349 283 2394 sociis,
304 2349 435 2386 ardent
453 2349 585 2386 animi:
614 2348 715 2384 furor
733 2348 856 2396 iraque
874 2355 1032 2387 mentem

57 2401 304 2451 Praecipitant
322 2415 332 2445 ;
361 2402 625 2451 pulchrumque
644 2401 734 2438 mori
753 2402 931 2439 succurrit
950 2402 987 2439 in
1007 2405 1124 2441 armi&

106 2454 223 2495 Ecce!
253 2461 375 2495 autem
395 2456 477 2494 telis
497 2455 663 2545 Pantgu}
678 2455 820 2504 elapsus
840 2456 1028 2499 Achivom.
