1475 2712
81 245 161 299 11.]
495 245 843 285 GEORGICON.
1222 250 1272 290 27

81 354 265 391 Nondum
286 353 449 391 hiemem
470 353 661 402 contingit
680 353 892 401 equis,jam
914 355 1085 402 praeterit
1104 361 1226 395 aestas.

81 407 165 445 Ver
184 408 278 445 adeo
297 407 424 443 frondi
444 418 653 451 nemorum,
676 420 744 444 ver
763 408 859 445 utile
877 408 1003 452 silvis3

79 461 186 498 Vere
204 466 356 498 tument,
375 465 486 497 terrae
506 465 545 496 et
563 460 747 508 genitalia
766 461 912 498 semina
934 469 1113 510 poscunt.

80 514 185 551 Tum
204 521 313 563 pater
332 513 572 561 omnipotens
592 512 767 551 fecundis
785 514 974 552 imbribus
995 516 1138 554 AEther
1193 518 1270 554 325

81 567 269 616 Conjugis
288 568 329 603 in
347 566 536 615 gremium
556 567 653 602 laetae
674 567 881 612 descendit,
904 574 941 605 et
961 581 1093 607 omnes

80 620 250 670 Magnus
269 620 349 664 alit,
370 632 509 668 magno
529 620 761 658 commixtus
781 633 951 669 corpore,
972 622 1089 660 fetus.

78 674 186 711 Avia
204 680 288 710 tum
306 678 487 710 resonant
507 673 643 710 avibus
665 674 836 722 virgulta
854 675 1017 720 canoris,

78 726 133 764 Et
152 727 343 764 Venerem
364 726 479 763 certis
499 732 680 773 repetunt
699 734 872 764 armenta
893 728 1043 766 diebus:

78 779 254 818 Parturit
274 780 395 817 almus
415 792 517 828 ager,
540 780 786 829 Zephyrique
805 781 1027 830 tepentibus
1046 783 1151 820 auris
1194 785 1273 821 330

78 833 234 871 Laxant
252 846 345 871 arva
365 833 470 870 sinus
489 847 498 876 3
518 839 673 882 superat
693 839 803 870 tener
824 835 1002 872 omnibus
1022 836 1176 873 humor:

78 886 205 934 Inque
224 899 343 924 novos
364 886 460 924 soles
479 887 623 923 audent
643 899 683 924 se
701 887 877 936 germina
897 894 980 925 tuto

79 939 264 984 Credere3
285 952 354 977 nec
377 939 515 977 metuit
538 945 739 988 surgentes
759 941 964 990 pampinus
986 942 1165 989 Austros,

78 994 164 1030 Aut
184 1000 311 1030 actum
331 993 424 1030 coelo
444 993 594 1041 magnis
614 993 874 1040 Aquilonibus
893 995 1067 1041 imbrem,

79 1046 157 1083 Sed
175 1047 298 1083 trudit
317 1059 498 1094 gemmaS,
522 1052 559 1083 et
578 1046 734 1084 frondes
755 1048 923 1096 explicat
943 1061 1087 1087 omnes.
1193 1052 1273 1087 335

78 1099 170 1137 Non
191 1100 284 1137 alios
303 1100 426 1148 prima
446 1100 653 1136 crescentis
673 1100 825 1149 origine
845 1101 979 1138 mundi

77 1153 260 1190 Illuxisse
280 1153 361 1189 dies
381 1153 548 1189 aliumve
568 1153 749 1190 habuisse
769 1159 940 1191 tenorem

79 1206 337 1249 Crediderim3
358 1218 426 1243 ver
445 1205 540 1242 illud
561 1212 642 1243 erat
651 1220 660 1249 3
685 1219 752 1243 ver
772 1220 935 1256 magnus
957 1210 1096 1257 agebat

80 1259 207 1305 Orbis,
228 1265 266 1296 et
285 1259 458 1296 hibernis
477 1259 686 1307 parcebant
705 1260 862 1297 flatibus
882 1260 993 1306 Euri,

79 1313 180 1351 Cum
200 1313 332 1361 primae
350 1312 475 1349 lucem
496 1313 662 1361 pecudes
683 1313 855 1358 hausere,
878 1314 1082 1363 virumque
1195 1318 1274 1354 340

80 1366 225 1404 Tei-rea
244 1366 448 1415 progenies
466 1366 573 1403 duris
592 1372 706 1414 caput
724 1367 878 1404 extudit
898 1368 1015 1414 arvis,

78 1420 340 1467 Immissaeque
359 1419 451 1457 ferae
472 1419 579 1456 silvis
600 1426 638 1456 et
658 1420 784 1457 sidera
803 1421 912 1458 coelo.

79 1473 165 1510 Nec
184 1486 245 1510 res
265 1474 368 1510 hunc
386 1478 529 1510 tenerae
550 1478 706 1522 possent
725 1473 898 1522 perferre
918 1474 1101 1522 laborem,

83 1526 125 1564 Si
145 1539 221 1564 non
240 1532 348 1563 tanta
367 1527 474 1574 quies
492 1526 567 1563 iret
586 1526 788 1575 frigusque
805 1528 1045 1576 caloremque

79 1580 199 1625 Inter,
221 1586 258 1617 et
279 1580 475 1628 exciperet
495 1580 578 1616 coeli
598 1580 842 1628 indulgentia
862 1589 998 1618 terras.
1199 1585 1277 1621 345

135 1633 250 1679 Quod
265 1638 450 1682 superest,
466 1644 711 1681 quaecumque
724 1647 874 1681 premes
888 1635 1058 1683 virgulta
1071 1649 1140 1684 per
1153 1649 1279 1686 agros,

83 1686 229 1735 Sparge
249 1687 339 1723 fimo
359 1687 503 1735 pingui,
526 1693 564 1723 et
583 1688 704 1724 multa
723 1700 869 1724 memor
888 1689 1018 1725 occule
1033 1694 1154 1733 terra3

81 1742 166 1777 Aut
185 1740 351 1788 lapidem
370 1740 553 1784 bibulum,
576 1745 642 1776 aut
662 1740 875 1787 squalentes
895 1741 1025 1779 infode
1044 1744 1209 1780 conchas
1217 1759 1227 1788 3

80 1794 190 1830 Inter
209 1793 312 1830 enim
331 1793 510 1830 labentur
529 1804 646 1840 aquae,
667 1793 866 1841 tenuisque
888 1795 1033 1831 subibit

82 1847 250 1891 Halitus,
267 1852 378 1894 atque
393 1846 540 1883 animos
553 1847 687 1884 tollent
704 1852 797 1884 sata.
845 1847 1012 1895 Jamque
1025 1850 1182 1898 reperti,
1199 1852 1279 1887 350

84 1899 160 1946 Qui
180 1912 274 1937 saxo
293 1912 407 1947 super
427 1905 538 1946 atque
558 1900 728 1948 ingentis
749 1901 917 1948 pondere
939 1907 1047 1939 testae

82 1954 323 2003 Urguerent3
343 1953 414 1990 hoc
434 1953 572 1990 effusos
593 1954 789 1991 munimen
812 1955 860 1991 ad
879 1955 1034 1999 imbres,

83 2007 181 2050 Hoc,
204 2007 270 2043 ubi
289 2006 417 2044 hiulca
437 2006 500 2042 siti
520 2006 632 2043 findit
653 2007 759 2044 canis
779 2007 923 2045 aestifer
943 2021 1048 2046 arva.

140 2059 359 2098 Seminibus
379 2060 525 2108 positis,
548 2069 720 2108 superest
741 2061 921 2098 diducere
941 2067 1085 2099 terram

86 2112 231 2162 Saepius
251 2113 298 2149 ad
320 2113 456 2161 capita,
478 2119 516 2149 et
536 2113 650 2150 duros
667 2113 815 2161 jactare
834 2115 1023 2159 bidentes,
1201 2119 1279 2154 355

85 2168 169 2203 Aut
187 2178 320 2215 presso
339 2178 520 2203 exercere
541 2167 662 2203 solum
682 2168 751 2204 sub
771 2180 926 2205 vomere
945 2174 984 2205 et
1004 2169 1087 2217 ipsa

85 2219 261 2257 Flectere
279 2219 469 2256 luctantes
487 2219 590 2256 inter
610 2220 741 2261 vineta
759 2219 964 2268 juvencos:

86 2273 187 2309 Tum
205 2272 310 2309 leves
329 2272 493 2310 calamos
513 2279 550 2309 et
569 2284 664 2310 rasae
684 2273 839 2311 hastilia
857 2275 979 2322 virgae

85 2325 372 2373 Fraxineasque
399 2331 529 2374 aptare
549 2327 660 2363 sudes
680 2325 880 2374 furcasque
900 2328 1082 2373 valentes,

86 2379 247 2416 Viribus
266 2379 361 2416 eniti
382 2391 538 2427 quarum
558 2385 594 2417 et
615 2385 859 2418 contemnere
878 2387 1014 2419 ventos
1203 2385 1283 2421 360

88 2432 340 2479 Adsuescant,
362 2444 599 2481 summasque
619 2433 724 2481 sequi
744 2434 915 2472 tabulata
934 2447 1003 2485 per
1021 2434 1157 2473 ulmos.
