1475 2712
545 157 755 187 CARMNUM
773 157 829 184 111.

217 260 418 309 Sospitum.
474 256 563 302 Vos,
585 267 607 292 o
626 254 745 304 pueri,
766 257 804 290 et
818 252 964 302 puellae

214 313 301 350 Jam
323 313 440 349 virum
459 307 656 359 expertae!
685 306 781 344 male
800 306 973 344 ominatis

425 363 572 401 Parcite
590 360 724 398 verbis.

220 419 294 456 Hic
313 419 391 456 dies
410 429 495 454 vere
514 415 603 453 mihi
621 414 738 452 festus
757 417 856 451 atras

215 472 364 510 Eximet
383 483 488 509 curas
505 483 514 507 z
545 481 616 518 ego
635 481 705 505 nec
724 466 941 511 tumultum,

217 526 297 563 Nec
316 525 410 563 mori
427 536 494 574 per
512 522 598 568 vim,
615 526 793 566 metuam,
814 525 968 558 tenente

429 577 589 615 Caesare
606 581 737 614 terras.

218 632 247 676 I,
268 643 353 682 pete
372 635 619 680 unguentum,
640 641 746 678 puer,
765 632 804 665 et
829 637 999 672 coronas,

218 685 268 723 Et
287 686 420 724 cadum
441 684 557 721 Marsi
576 694 778 720 memorem
796 679 925 724 duelli,

215 738 435 789 Spartacum
455 738 485 775 si
506 750 580 787 qua
596 736 722 786 potuit
740 738 941 784 vagantem

420 791 564 828 Fallere
582 795 690 828 testa.

217 846 290 883 Dic
311 852 349 884 et
368 850 535 894 argutae,
557 848 744 894 properet,
763 842 944 885 Neaerae,

216 899 440 949 Myrrheum
467 899 568 936 nodo
588 897 762 935 cohibere
781 895 921 933 crinem
938 907 945 930 :

219 954 258 989 Si
280 966 344 1003 per
359 953 522 990 invisum
541 964 644 988 mora
657 951 860 1000 janitorem

431 1005 525 1050 Fiet,
547 1005 661 1042 abito.

216 1059 329 1097 Lenit
349 1059 538 1096 albescens
554 1058 696 1095 animos
716 1057 871 1106 capillus

213 1113 354 1150 Litium
370 1119 407 1150 et
427 1113 530 1149 rixae
544 1112 701 1161 cupidos
720 1115 933 1160 protervae.

217 1166 306 1203 Non
322 1179 392 1216 ego
411 1165 482 1203 hoc
502 1166 648 1210 ferrem,
666 1164 808 1202 calidus
821 1163 995 1213 juventa,

429 1219 593 1256 Consule
609 1218 762 1256 Planco.

447 1311 536 1349 ODE
557 1309 766 1348 XV.-.Ad
786 1307 950 1348 Chlorin.

322 1391 443 1429 UXOR
461 1391 637 1440 pauperis
656 1390 774 1440 Ibyci,

218 1445 388 1483 Tandem
403 1445 592 1493 nequitiae
610 1444 686 1492 fige
704 1443 858 1480 modum
878 1448 975 1486 tuae,

325 1498 567 1547 Famosisque
585 1497 799 1534 laboribus:

222 1553 373 1591 Maturo
392 1552 556 1602 propior,
573 1551 714 1595 desine,
734 1549 869 1595 funeri,

322 1606 427 1644 Inter
445 1606 578 1642 ludere
597 1605 773 1653 virgines,

218 1659 270 1698 Et
288 1659 406 1698 stellis
423 1659 599 1696 nebulam
620 1670 797 1707 spargere
815 1656 999 1694 candidis.

326 1713 428 1758 Non,
450 1713 482 1750 si
501 1712 593 1761 quid
612 1712 787 1749 Pholoen
806 1710 907 1755 satis,

220 1767 270 1805 Et
289 1771 340 1812 te,
362 1766 505 1811 Chlori,
526 1767 657 1803 decet:
687 1765 764 1801 filia
783 1764 922 1802 rectius

326 1820 533 1869 Expugnat
546 1819 731 1868 juvenum
750 1819 896 1862 domos,

218 1873 334 1911 Pulso
355 1873 497 1923 Thyias
517 1873 573 1910 uti
588 1872 737 1910 concita
752 1877 947 1921 tympano.

324 1927 431 1965 Illam
451 1927 553 1975 cogit
572 1939 676 1963 amor
696 1925 816 1964 Nothi

220 1981 397 2019 Lascivae
416 1980 574 2018 similem
593 1980 725 2016 ludere
744 1991 922 2028 capreae:

325 2034 382 2071 Te
400 2034 508 2071 lanae
524 2046 642 2083 prope
658 2033 824 2070 nobilem

221 2088 368 2126 Tonsae
388 2087 598 2131 Luceriam,
617 2099 694 2123 non
713 2086 889 2133 citharae,
911 2086 1058 2131 decent,

323 2141 404 2178 Nec
423 2141 490 2178 flos
510 2153 720 2189 purpureus
739 2152 857 2185 rosae,

225 2196 305 2234 Nec
324 2195 415 2244 poti,
436 2194 613 2240 vetulam,
633 2194 735 2231 faece
753 2198 864 2232 tenus
882 2193 977 2231 cadi.

399 2284 488 2323 ODE
509 2283 741 2322 XV1.-Ad
757 2284 1014 2322 Maecenatem.

225 2366 426 2404 INGLUSAM
446 2365 608 2402 Dana'en
622 2364 737 2403 turris
755 2367 884 2410 aenea,

222 2420 491 2469 Robustaeque
509 2419 621 2466 fores,
641 2423 679 2458 et
697 2417 854 2468 vigilum
873 2429 1009 2456 canum

1235 245 1286 283 10

1241 514 1287 551 15

1237 783 1289 820 20

1240 1051 1291 1088 25

1246 1868 1298 1905 10

1243 2135 1293 2173 15
