1414 2666
142 167 194 205 33
535 176 572 202 P.
601 176 725 205 ovmn
751 178 912 206 NAsoms
1214 166 1310 218 [Lm.

199 273 457 322 prodigiisque
475 275 579 314 venit
595 276 859 325 funeribusque
877 274 1024 313 modus.

140 327 241 364 Dum
262 333 386 364 tamen
406 329 484 365 haec
501 329 611 376 fiunt,
630 330 751 367 viduae
770 333 909 367 cessate
927 328 1084 379 puellae:

192 381 393 430 Exspectet
411 394 523 431 puros
542 383 650 433 pinea
668 384 768 421 taeda
786 383 877 420 dies.

138 435 217 472 Nec
237 435 316 481 tibi,
337 448 419 484 quae
439 437 583 485 cupidae
603 443 748 475 matura
765 437 939 474 videbere
957 437 1080 484 matri,

193 488 325 527 Comat
344 489 528 538 virgineas
547 491 655 529 hasta
674 504 826 529 recurva
845 504 979 528 comas.
1232 489 1311 529 560

138 542 267 579 Conde
286 548 379 588 tuas,
402 543 621 593 Hymenaee,
641 545 751 590 faces,
770 550 808 582 et
826 545 873 582 ab
890 545 1041 594 ignibus
1060 543 1150 581 atris

188 596 305 633 Aufer
325 610 334 640 ;
364 597 503 636 habent
521 599 610 637 alias
628 605 756 637 maesta
774 599 942 648 sepulcra
960 598 1072 636 faces.

140 649 191 686 Di
210 663 357 699 quoque
375 652 598 701 templorum
616 653 756 690 foribus
775 653 940 690 celentur
959 652 1122 702 opertis:

192 703 318 741 Thure
337 711 469 743 vacent
488 719 573 752 arae,
590 712 764 756 stentque
783 707 862 743 sine
879 706 967 754 igne
984 705 1068 743 foci.

139 757 250 794 Nunc
269 758 399 795 animae
418 764 559 805 tenues,
581 765 618 798 et
637 773 791 809 corpora
808 760 938 797 functa
956 758 1133 809 sepulcris
1229 759 1308 798 565

191 811 348 849 Errant:
379 825 479 849 nunc
498 814 619 862 posito
638 814 801 863 pascitur
819 814 951 850 umbra
969 814 1064 851 cibo.

136 864 216 902 Nec
235 873 359 902 tamen
378 866 458 903 haec
477 868 586 913 ultra,
602 880 711 916 quam
729 872 787 905 tot
805 867 852 904 de
870 879 996 905 mense
1014 866 1199 916 supersint

192 919 366 962 Luciferi,
387 926 478 968 quot
496 921 636 959 habent
654 921 818 958 carmina
836 926 964 958 nostra
981 921 1108 970 pedes.

137 972 259 1017 Hanc,
280 973 366 1022 quia
379 973 482 1021 justa
499 975 634 1021 ferunt,
655 975 782 1012 dixere
802 974 946 1012 Feralia
964 974 1096 1012 lucem.

196 1027 334 1064 Ultima
353 1028 541 1076 placandis
560 1029 729 1066 manibus
748 1029 812 1066 illa
830 1029 921 1066 dies·
1229 1026 1307 1067 570

138 1079 234 1117 Ecce
254 1094 345 1117 anus
364 1081 403 1118 in
423 1083 551 1120 mediis
570 1083 736 1120 residens
751 1095 891 1120 annosa
908 1081 1042 1132 puellis

189 1134 301 1171 Sacra
320 1135 407 1172 facit
428 1136 567 1175 Tacitae
583 1150 592 1181 ;
621 1137 684 1173 vix
702 1141 828 1174 tamen
846 1137 926 1185 ipsa
944 1140 1055 1174 tacet.

138 1186 187 1226 Et
206 1188 334 1237 digitis
353 1189 424 1226 tria
443 1190 553 1228 thura
572 1191 690 1228 tribus
709 1192 778 1228 sub
796 1191 923 1227 limine
941 1190 1060 1240 ponit,

190 1241 276 1287 Qua
295 1243 415 1279 brevis
434 1245 621 1282 occultum
640 1257 720 1281 mus
740 1245 808 1281 sibi
826 1244 913 1281 fecit
931 1244 1017 1282 iter.

137 1295 233 1332 Tum
253 1302 401 1335 cantata
419 1297 512 1342 ligat
530 1311 613 1335 cum
630 1298 733 1335 fusco
747 1298 832 1335 licia
849 1297 1016 1343 rhombo,
1232 1296 1310 1337 575

190 1349 240 1387 Et
256 1356 396 1399 septem
415 1352 540 1399 nigras
560 1357 682 1389 versat
701 1352 740 1388 in
759 1365 822 1389 ore
840 1352 957 1388 fabas.

138 1403 323 1452 Quodque
342 1406 422 1453 pioe
442 1406 651 1451 adstrinxit,
673 1406 772 1453 quod
790 1419 859 1443 acu
878 1403 1024 1454 trajecit
1043 1403 1172 1450 ahena,

189 1457 375 1495 Obsutum
395 1470 522 1495 maenae
543 1464 660 1497 torret
678 1460 718 1496 in
739 1459 826 1508 igne
845 1463 970 1508 caput.

136 1511 233 1548 Vina
253 1524 400 1561 quoque
419 1513 588 1551 instillat.
644 1513 735 1550 Vini
753 1513 1001 1562 quodcunque
1018 1510 1187 1550 relictum
1207 1517 1274 1558 est,

188 1566 267 1603 Aut
286 1566 364 1615 ipsa
383 1572 448 1604 aut
468 1567 631 1613 comites,
647 1567 730 1616 plus
749 1572 874 1605 tamen
891 1567 982 1616 ipsa,
1001 1565 1110 1604 bibit.
1226 1566 1304 1604 580

135 1618 301 1657 Hostiles
315 1620 461 1669 linguas
479 1621 701 1670 inimicaque
721 1621 905 1657 vinximus
924 1633 999 1666 ora,

187 1673 303 1719 Dicit,
325 1674 527 1720 discedens,
549 1676 723 1724 ebriaque
742 1675 819 1712 exit
838 1687 942 1711 anus.

136 1726 305 1765 Forsitan
325 1741 346 1764 a
365 1729 482 1772 nobis,
504 1741 585 1777 quae
606 1729 654 1766 sit
673 1729 757 1765 Dea
776 1729 895 1774 Muta,
915 1727 1095 1777 requiras.

185 1780 309 1826 Disce,
331 1795 396 1831 per
416 1783 587 1831 antiquos
606 1795 687 1831 quae
707 1782 798 1819 mihi
816 1787 906 1820 nota
925 1794 1042 1819 senes.

130 1834 292 1883 Jupiter,
311 1836 493 1874 indomito
512 1836 537 1873 J
541 1842 687 1874 uturnae
705 1842 834 1885 captus
853 1848 988 1881 amore,
1224 1833 1300 1871 585

184 1889 306 1926 Multa
325 1890 422 1935 tulit,
443 1895 550 1927 tanto
568 1902 643 1927 non
662 1890 838 1939 patienda
856 1890 939 1927 deo.

132 1942 201 1978 llla
220 1943 330 1979 modo
349 1943 388 1979 in
408 1944 520 1992 sylvis
538 1944 636 1981 inter
654 1944 820 1993 coryleta
835 1943 1000 1987 latebat;

184 1996 295 2033 Nunc
314 1997 353 2033 in
373 2003 557 2045 cognatas·
569 1997 763 2035 desiliebat
782 2009 907 2045 aquas.

134 2050 325 2088 Convocat
343 2050 403 2087 hic
423 2051 627 2101 Nymphas,
650 2051 812 2097 Latium,
834 2055 1074 2100 quotcunque
1092 2050 1255 2092 tenebas,

186 2103 236 2141 Et
249 2104 343 2153 jacit
360 2105 398 2140 in
418 2105 540 2141 medio
559 2105 648 2142 talia
665 2106 778 2142 verba
796 2105 930 2142 choro:
1222 2103 1300 2142 590

134 2157 281 2196 Invidet
299 2159 378 2207 ipsa
396 2159 476 2204 sibi,
496 2159 674 2208 vitatque,
696 2159 797 2208 quod
817 2158 969 2208 expedit
986 2157 1053 2204 illi,

185 2211 318 2249 Vestra
335 2225 437 2249 soror
457 2225 599 2250 summo
613 2213 775 2262 jungere
793 2213 957 2250 membra
974 2212 1060 2250 deo.

130 2265 319 2303 Consulite
339 2267 540 2304 ambobus:
563 2280 647 2303 nam
667 2279 749 2316 quae
772 2279 852 2303 mea
870 2278 1006 2316 magna
1023 2265 1206 2316 voluptas,

185 2319 336 2356 Utilitas
354 2325 485 2357 vestrae
506 2333 640 2369 magna
659 2320 794 2357 sororis
813 2321 896 2359 erit.

129 2372 205 2409 Vos
224 2373 277 2409 illi
296 2373 334 2409 in
353 2374 471 2422 prima
489 2374 647 2423 fugienti
667 2374 835 2412 obsistite
861 2374 953 2424 ripa,
1215 2371 1292 2409 595

177 2426 236 2463 Ne
255 2439 321 2464 sua
339 2427 513 2464 fluminea
531 2441 685 2478 corpora
703 2433 847 2477 mergat
866 2440 974 2477 aqua.
