1414 2666
596 167 807 196 CARMTNUM
826 168 854 194 Ι.

449 263 608 302 Caesare
626 276 764 313 regnes,

242 318 320 365 Ille,
341 331 406 356 seu
422 317 574 356 Parthos
589 317 694 355 Latio
713 319 946 356 imminentes

243 373 366 421 Egerit
380 373 478 422 justo
496 371 648 409 domitos
667 371 866 423 triumpho,

242 426 326 463 Sive
347 426 532 476 subjectos
551 425 696 463 orientis
715 438 800 463 orae

453 478 560 516 Seras
577 485 614 516 et
632 478 756 526 Indos,

241 533 294 571 Te
314 533 433 570 minor
450 532 564 570 latum
583 538 680 582 reget
698 545 838 583 aequus
852 533 976 570 orbem
993 545 1002 570 :

240 586 299 623 Tu
319 587 418 636 gravi
436 599 544 623 curru
563 587 703 636 quaties
722 581 924 636 Olympum
945 599 955 635 3

240 640 297 678 Tu
316 653 444 690 parum
465 641 574 678 castis
591 641 742 678 inimica
758 641 876 678 mittes

450 693 623 731 Fulmina
642 694 748 732 lucis.

451 786 540 825 01>ss
560 784 797 825 xlm-Ad
820 787 993 839 Lydiam.

345 879 443 916 CUM
463 884 514 926 tu,
535 876 667 928 Lydia,
689 877 844 927 Telephi

239 932 436 970 Cervicem
454 943 609 979 roseam,
630 942 737 969 cerea
757 930 909 982 Telephi

345 985 492 1024 Laudas
510 984 675 1031 brachia,
694 998 763 1023 vae
780 987 789 1024 Ξ
818 997 945 1023 meum

237 1039 400 1077 Fervens
419 1039 551 1077 difficili
571 1039 642 1077 bile
661 1045 778 1077 tumet
793 1040 913 1088 jecur.

338 1093 446 1130 Tune
467 1105 537 1130 nec
555 1105 660 1131 mens
679 1092 782 1142 mihi,
804 1105 873 1131 neo
892 1093 991 1130 color

238 1148 348 1186 Certa
366 1146 451 1185 sede
472 1152 598 1184 manet
617 1160 627 1195 3
655 1146 790 1185 humor
807 1153 844 1184 et
859 1147 897 1185 in
917 1158 1027 1196 genas

342 1200 483 1239 Furtim
502 1200 644 1247 labitur,
664 1213 818 1250 arguens

235 1257 361 1302 Quam
381 1255 487 1292 lentis
505 1254 651 1304 penitus
670 1266 837 1292 macerer
865 1253 1020 1303 ignibus.

344 1308 450 1354 Uror,
471 1319 536 1345 seu
557 1307 618 1345 tibi
635 1308 815 1346 candidos

237 1363 447 1413 Turparunt
464 1360 637 1399 humeros
654 1361 878 1400 immodicae
896 1371 998 1397 mero

339 1415 483 1463 Rixae3
512 1415 589 1452 sive
608 1427 698 1464 puer
716 1415 840 1453 furens

234 1469 425 1520 Impressit
443 1480 648 1506 memorem
669 1468 777 1506 dente
796 1468 905 1507 labris
923 1472 1062 1504 notam.

340 1522 440 1570 Non,
459 1523 487 1560 si
507 1534 568 1560 me
583 1523 668 1560 satis
688 1523 829 1570 audias,

235 1577 367 1629 Speres
384 1583 615 1627 perpetuum,
636 1576 758 1614 dulcia
777 1575 932 1614 barbare

339 1630 565 1668 Laedentem
583 1631 722 1677 oscula,
743 1641 838 1680 quae
857 1629 986 1667 Venus

236 1686 375 1732 Quinta
392 1690 493 1734 parte
511 1685 566 1722 sui
586 1684 742 1722 nectaris
760 1683 903 1722 imbuit.

343 1739 486 1777 Felices
503 1744 556 1775 ter
574 1743 611 1776 et
625 1738 796 1788 amplius,

236 1794 342 1840 Quos
360 1793 495 1842 irrupta
512 1797 611 1829 tenet
628 1792 776 1841 copula,
793 1802 863 1828 nec
884 1789 988 1828 malis

341 1845 517 1883 Divulsus
535 1845 769 1895 querimoniis

240 1900 420 1951 Suprema
439 1899 548 1936 citius
566 1899 681 1936 solvet
698 1910 802 1936 amor
819 1897 890 1934 die.

392 1989 481 2028 01>ss
501 1987 732 2027 XIV.-Ad
755 1987 1049 2039 Rempublicam.

234 2081 269 2120 Ο
289 2091 428 2127 NAvrs,
448 2078 603 2117 referent
621 2080 656 2116 in
677 2090 779 2117 mare
798 2083 832 2116 te
850 2078 934 2115 novi

236 2134 388 2172 Fluctus
409 2134 418 2172 Ξ
449 2133 505 2171 O!
535 2132 623 2183 quid
640 2134 715 2181 agis
729 2132 749 2171 ἰ)
777 2131 909 2169 sortiter
928 2141 1074 2181 occupa

342 2187 505 2226 Portum.
562 2185 697 2224 Nonne
712 2185 827 2233 vides,
849 2192 887 2223 ut

365 2240 518 2279 Nudum
539 2241 687 2289 remigio
705 2241 811 2286 latus,

233 2295 283 2333 Et
302 2296 434 2342 malus,
454 2295 561 2333 celeri
581 2294 728 2331 saueius
748 2292 889 2339 Africo,

233 2348 505 2399 Antennaeque
523 2354 680 2398 gemant,
702 2359 748 2384 ac
767 2347 845 2385 sine
865 2345 1012 2383 funibus

340 2402 416 2440 Vix
435 2403 563 2440 durare
578 2403 725 2439 carinae

1272 691 1320 728 60

1271 1358 1316 1395 10

1267 1893 1318 1930 20
