1414 2666
196 204 246 243 30
645 212 835 244 summos
862 214 904 241 11.

203 310 370 350 Panthus
389 309 613 360 Othryades,
632 310 725 349 arcis
743 310 957 360 Phoebique
973 310 1155 357 sacerdos,

204 366 314 403 Sacra
331 377 455 410 manu,
474 364 661 413 victosque
679 364 778 410 deos,
799 376 1024 414 parvumque
1041 372 1213 414 nepotem
1281 366 1361 404 320

205 419 286 468 Ipse
305 418 431 463 trahit,
448 430 628 466 cursuque
645 430 769 455 amens
787 418 835 456 ad
852 418 978 455 limina
995 418 1128 457 tendit.

207 473 292 518 Quo
311 485 369 509 res
387 484 528 508 summa
546 471 639 516 loco,
658 471 806 509 Panthu
820 474 839 510 ‚⁹
857 484 964 520 quam
983 471 1197 521 prendimus
1212 484 1330 511 arcem
1342 474 1363 511 ἶ)

206 526 279 567 Vix
296 538 340 563 ea
359 525 458 562 fatus
476 537 586 571 eram,
606 524 748 574 gemitu
766 537 877 573 quum
897 525 986 563 talia
1003 525 1150 565 reddit:

206 579 320 617 Venit
339 591 479 616 summa
496 578 575 616 dies
593 583 630 616 et
648 578 883 616 ineluctabile
901 575 1046 628 tempus

208 632 433 670 Dardaniae.
488 631 641 670 Fuimus
659 631 799 669 Troes:
826 632 896 670 fuit
915 632 1036 677 Ilium,
1055 636 1093 670 et
1110 632 1242 682 ingens
1286 634 1361 673 325

206 686 334 724 Gloria
352 686 591 723 Teucrorum.
646 684 758 722 Ferus
778 685 902 724 omnia
918 685 1069 735 Jupiter
1086 686 1210 735 Argos

205 739 412 778 Transtulit
427 753 436 777 :
465 739 614 777 incensa
633 738 755 776 Danai
773 739 1014 776 dominantur
1030 740 1071 776 in
1089 740 1193 778 urbe.

208 794 356 831 Arduus
375 798 534 831 armatos
553 792 683 830 mediis
700 792 739 829 in
757 793 947 830 moenibus
966 792 1116 831 adstans

209 847 347 885 Fundit
365 859 490 895 equus,
511 846 699 893 victorque
719 845 835 884 Sinon
852 846 1024 884 incendia
1041 846 1180 893 miscet,

208 901 406 939 Insultans.
462 899 584 938 Portis
602 899 664 937 alii
681 899 931 948 bipatentibus
948 900 1096 946 adsunt,
1287 904 1364 942 330

210 955 324 992 Millia
342 957 433 1003 quot
449 952 592 1002 magnis
611 964 782 1001 umquam
803 965 936 990 venere
955 953 1135 1004 Mycenis.

210 1008 397 1046 Obsedere
415 1007 477 1045 alii
495 1007 577 1045 telis
595 1012 754 1055 angusta
771 1006 924 1052 viarum,

209 1061 381 1112 Oppositi
396 1068 410 1099 ε’
433 1066 508 1099 stat
525 1060 612 1098 ferri
629 1060 725 1098 acies
742 1073 918 1098 mucrone
936 1072 1089 1099 corusco

208 1116 355 1159 Stricta,
372 1119 500 1165 parata
517 1114 599 1152 neci
615 1127 624 1152 :
652 1114 714 1151 vix
733 1114 839 1163 primi
859 1114 999 1163 proelia
1016 1120 1164 1154 tentant

211 1170 404 1207 Portarum
424 1168 562 1217 vigiles,
582 1173 620 1206 et
637 1180 747 1205 caeco
767 1168 888 1206 Marte
905 1168 1092 1206 resistunt.
1194 1188 1197 1189 ⁷
1286 1173 1364 1211 335

210 1223 362 1260 Talibus
383 1222 599 1272 Othryadae
617 1221 737 1266 dictis,
758 1225 796 1259 et
815 1221 965 1259 numine
982 1222 1118 1266 divom,

212 1277 254 1314 ln
273 1278 436 1313 flammas
452 1281 490 1314 et
509 1275 548 1312 iu
565 1288 666 1313 arma
682 1275 790 1320 feror,
810 1287 884 1324 quo
901 1275 1017 1313 tristis
1037 1276 1209 1327 Erinnys,

213 1331 298 1376 Quo
314 1330 480 1367 fremitus
499 1334 615 1372 vocat,
635 1334 674 1367 et
692 1329 859 1366 sublatus
878 1328 925 1366 ad
943 1330 1093 1367 aethera
1108 1330 1257 1369 clamor.

210 1384 370 1422 Addunt
387 1396 426 1421 se
444 1383 560 1420 socios
579 1383 758 1432 Rhipeus,
774 1388 823 1427 et,
842 1382 1022 1420 maximus
1040 1384 1161 1429 armis,

210 1439 366 1488 Epytus,
386 1436 501 1474 oblati
519 1449 583 1486 per
600 1437 737 1482 lunam,
757 1435 1000 1486 Hypanisque
1019 1437 1243 1489 Dymasque,
1289 1440 1369 1478 340

212 1493 262 1531 Et
280 1491 386 1530 lateri
403 1490 659 1539 agglomerant
677 1496 804 1528 nostro
819 1504 829 1535 ;
850 1489 1072 1541 juvenisque
1091 1491 1294 1539 Coroebus,

213 1544 474 1597 Mygdonides.
529 1543 606 1581 Illis
623 1544 671 1581 ad
691 1543 840 1593 Trojam
858 1545 954 1582 sorte
967 1544 1097 1582 diebus
1166 1571 1169 1574 ,

213 1600 390 1644 Venerat,
409 1598 539 1635 insano
559 1598 787 1636 Cassandrae
804 1598 976 1636 incensus
992 1611 1139 1644 amore;

216 1654 264 1692 Et
280 1665 396 1703 gener
410 1652 586 1689 auxilium
606 1651 764 1697 Priamo,
786 1651 1080 1702 Phrygibusque,
1099 1653 1263 1694 ferebat:

215 1707 370 1745 infelix!
398 1705 462 1754 qui
479 1717 555 1742 non
573 1718 728 1755 sponsae
743 1711 938 1756 praecepta
954 1705 1111 1745 furentis
1292 1710 1369 1748 345

217 1761 398 1799 Audierit.

216 1816 320 1861 Quos
337 1814 402 1852 ubi
419 1814 603 1852 confertos
620 1812 756 1850 audere
774 1813 812 1849 in
828 1812 968 1863 proelia
985 1813 1061 1851 vidi
1075 1827 1086 1859 ;

217 1868 359 1918 Incipio
376 1880 485 1917 super
503 1867 580 1906 his:
607 1866 781 1912 Juvenes,
801 1866 997 1904 fortissima
1013 1867 1149 1906 frustra

218 1923 387 1967 Pectora,
406 1921 437 1958 si
455 1921 558 1958 vobis
576 1921 775 1958 audentem
794 1926 958 1959 extrema
976 1921 1111 1971 cupido

219 1977 332 2014 Certa
349 1975 461 2023 sequi,
480 1972 593 2026 (quae
609 1973 658 2013 sit
675 1974 784 2011 rebus
801 1974 950 2012 fortuna
964 1973 1120 2013 videtis:
1293 1978 1372 2018 350

219 2030 418 2067 Excessere
437 2041 562 2066 omnes
580 2028 702 2078 adytis
720 2028 863 2076 arisque
880 2027 1016 2066 relictis

220 2084 283 2130 Di,
301 2083 431 2132 quibus
444 2081 635 2130 imperium
654 2081 724 2119 hoc
741 2086 917 2120 steterat:
945 2078 1156 2122 succurritis
1172 2084 1256 2122 urbi

219 2134 411 2187 Incensae)
432 2135 637 2177 moriamur.
657 2142 695 2172 et
712 2136 752 2171 in
771 2136 891 2173 media
907 2148 1010 2173 arma
1025 2149 1187 2175 ruamus.

226 2191 310 2228 Una
327 2190 426 2227 salus
442 2189 548 2227 victis
567 2189 704 2226 nullam
724 2201 870 2237 sperare
887 2190 1054 2228 salutem.

221 2244 284 2282 Sic
301 2243 430 2281 animis
443 2243 622 2292 juvenum
639 2242 742 2280 furor
757 2242 920 2281 additus.
976 2243 1080 2290 Inde,
1099 2243 1178 2290 lupi
1195 2258 1263 2285 ceu
1295 2247 1372 2287 355

222 2299 407 2347 Raptores
424 2303 504 2335 atra
521 2296 559 2333 in
578 2296 724 2340 nebula,
743 2308 834 2344 quos
851 2297 1017 2346 improba
1034 2299 1175 2338 ventris

221 2351 359 2400 Exegit
376 2363 502 2388 caecos
519 2349 648 2396 rabies,
667 2350 852 2400 catulique
868 2350 986 2388 relicti

222 2405 405 2444 Faucibus
422 2408 638 2453 exspectant
655 2403 762 2441 siccis
776 2417 789 2449 ;
815 2416 879 2454 per
896 2404 985 2449 tela,
1004 2417 1070 2455 per
1086 2405 1215 2454 hostis,

223 2459 405 2500 Vadimus
419 2456 521 2498 haud
537 2457 687 2497 dubiam
705 2457 743 2494 in
761 2463 933 2504 mortem,
950 2459 1167 2513 mediaeque
1179 2465 1352 2505 tenemus.
