1475 2712
138 200 234 253 1v.]
551 200 897 241 GEORGICON.
1276 202 1322 239 61

135 307 298 358 Jamque
318 309 420 352 vale3
448 309 547 346 feror
565 309 713 358 ingenti
734 309 970 346 circumdata
989 313 1111 354 nocte,

137 362 408 410 Invalidasque
428 362 500 399 tibi
520 362 691 406 tendens,
713 362 806 399 heu!
836 375 911 399 non
932 368 1008 406 tua,
1031 362 1186 409 palmas.

138 413 260 460 Dixit,
282 421 320 452 et
339 429 387 453 ex
408 415 527 452 oculis
547 416 675 452 subito
694 428 762 452 ceu
783 415 912 452 fumus
932 416 971 451 in
1001 427 1113 452 auras

138 467 382 506 Commixtus
401 474 546 511 tenues,
568 467 670 517 fugit
689 469 858 511 diversa3
887 481 1010 516 neque
1030 468 1150 511 illum,
1249 469 1327 504 500

135 521 388 559 Prensantem
410 521 667 569 nequidquam
684 523 850 563 umbras,
871 528 909 558 et
928 522 1048 558 multa
1068 521 1260 558 volentem

137 574 288 620 Dicere,
311 582 495 624 praeterea
516 575 631 618 vidit3
660 587 730 611 nec
750 575 914 623 portitor
936 574 1028 612 Orci

135 628 317 676 Amplius
337 627 523 676 objectam
544 641 676 676 passus
697 629 860 665 transire
881 627 1069 676 paludem.

136 679 237 726 Quid
257 681 422 718 faceret?
449 694 525 729 quo
546 694 596 726 se,
617 688 727 729 rapta
747 681 806 718 bis
829 681 1003 729 conjuge,
1024 680 1166 717 ferret?

135 732 222 779 Quo
242 735 335 772 fietu
357 735 503 779 Manes,
523 747 599 782 qua
617 734 791 771 Numina
812 747 902 771 voce
918 734 1112 771 moveret?
1248 735 1324 770 505

133 788 209 825 Illa
227 787 383 836 quidem
405 787 540 836 Stygia
559 789 674 825 nabat
686 787 768 835 jam
787 787 930 836 frigida
949 789 1097 836 cymba.

136 839 289 889 Septem
309 841 417 877 illum
438 848 537 878 totos
557 841 760 889 perhibent
779 854 828 877 ex
848 841 979 878 ordine
1002 851 1152 877 menses

133 895 246 942 Rupe
261 895 332 931 sub
352 896 459 931 aeria
478 894 617 931 deserti
639 895 685 931 ad
703 893 918 943 Strymonis
938 895 1080 931 undam

132 947 319 992 Flevisse,
340 956 378 984 et
397 948 534 995 gelidis
553 948 634 984 haec
653 948 842 984 evolvisse
862 948 932 984 sub
954 947 1086 992 antris,

133 1000 371 1038 Mulcentem
390 1002 522 1050 tigres,
540 1007 578 1037 et
593 1008 770 1049 agentem
790 1002 959 1037 carmine
978 1013 1158 1048 quercus:
1246 1001 1325 1037 510

135 1052 269 1100 Qualis
290 1054 452 1102 populea
472 1067 634 1090 moerens
651 1054 865 1091 Philomela
885 1056 955 1090 sub
976 1055 1111 1091 umbra

133 1107 308 1144 Amissos
328 1107 504 1154 queritur
524 1106 637 1151 fetus,
657 1120 752 1155 quos
772 1108 891 1144 durus
911 1114 1039 1144 arator

134 1159 355 1197 Observans
375 1160 466 1196 nido
487 1160 692 1208 implumes
707 1161 892 1197 detraxit:
923 1167 961 1197 at
981 1161 1047 1196 illa

133 1211 218 1250 Flet
236 1219 398 1257 noctem,
415 1226 596 1261 ramoque
618 1214 753 1250 sedens
773 1213 990 1250 miserabile
1010 1225 1163 1250 carmen

132 1266 318 1315 Integrat‚
341 1272 379 1303 et
398 1267 543 1303 moestis
564 1266 639 1303 late
658 1267 740 1303 loca
760 1267 959 1314 questibus
982 1266 1128 1315 implet.
1247 1266 1323 1302 515

131 1319 252 1357 Nulla
272 1320 420 1364 Venus,
441 1332 516 1356 non
539 1319 605 1356 ulli
625 1320 796 1356 animum
816 1320 961 1357 flexere
982 1318 1198 1369 Hymenaei.

133 1371 242 1410 Solus
264 1371 535 1422 Hyperboreas
552 1373 694 1421 glacies
716 1373 957 1420 Tanaimque
982 1373 1162 1418 nivalem,

131 1425 317 1475 Arvaque
337 1426 509 1475 Rhipaeis
529 1439 737 1475 numquam
758 1427 916 1463 viduata
936 1427 1085 1475 pruinis

129 1479 349 1524 Lustrabat,
369 1486 518 1527 raptam
538 1480 759 1528 Eurydicen
781 1485 894 1526 atque
912 1480 1024 1516 irrita
1045 1479 1146 1516 Ditis

131 1533 243 1569 Dona
255 1545 434 1581 querens:
455 1539 591 1580 spretae
606 1533 792 1570 Ciconum
806 1545 882 1581 quo
894 1545 1054 1569 munere
1069 1540 1211 1569 matres
1240 1533 1318 1568 520

130 1585 240 1623 Inter
259 1598 366 1623 sacra
386 1587 499 1623 deum
519 1587 774 1634 nocturnique
795 1587 904 1635 orgia
923 1586 1080 1630 Bacchi,

130 1636 375 1688 Discerptum
394 1639 491 1676 latos
504 1638 691 1687 juvenem
711 1652 884 1688 sparsere
905 1652 972 1687 per
992 1652 1117 1688 agros.

131 1692 233 1729 Tum
253 1705 416 1741 quoque,
437 1705 650 1729 marmorea
669 1699 783 1741 caput
802 1705 824 1728 a
843 1693 992 1729 cervice
1012 1692 1205 1729 revolsum

131 1744 300 1794 Gurgite
317 1758 401 1782 cum
424 1746 548 1781 medio
568 1752 724 1794 portans
746 1745 932 1794 OEagrius
953 1745 1109 1782 Hebrus

129 1799 328 1844 Volveret,
350 1799 573 1847 Eurydicen
593 1811 671 1834 vox
690 1799 774 1847 ipsa
793 1805 828 1835 et
848 1798 990 1847 frigida
1008 1799 1155 1847 lingua,
1243 1799 1320 1834 525

129 1853 197 1888 Ah
212 1854 389 1889 miseram
411 1851 650 1901 Eurydicen!
681 1852 808 1888 anima
827 1852 1000 1900 fugiente
1024 1854 1202 1894 vocabat3

128 1905 349 1954 Eurydicen
365 1911 446 1942 toto
461 1905 679 1942 referebant
698 1905 857 1942 flumine
877 1905 980 1953 ripae.

184 1959 281 1996 Haec
300 1958 475 1996 Proteus:
503 1965 541 1995 et
562 1971 601 1995 se
617 1958 727 2006 jactu
749 1959 855 1995 dedit
874 1970 999 2005 aequor
1019 1959 1058 1994 in
1078 1958 1215 1999 altum;

131 2010 293 2060 Quaque
312 2012 428 2056 dedit,
449 2018 689 2060 spumantem
711 2012 851 2048 undam
873 2013 943 2048 sub
964 2011 1109 2048 vertice
1129 2011 1252 2048 torsit.

129 2065 187 2102 At
201 2078 279 2101 non
294 2064 462 2114 Cyrene3
491 2077 654 2113 namque
671 2065 772 2102 ultro
787 2065 914 2102 adfata
926 2065 1141 2102 timentem:
1244 2065 1323 2101 530

183 2119 298 2164 Nate,
318 2119 409 2155 licet
427 2118 557 2154 tristes
577 2119 703 2154 animo
723 2119 913 2167 deponere
929 2131 1052 2154 curas.

129 2171 227 2209 Haee
246 2172 370 2209 omnis
392 2171 513 2208 morbi
534 2183 664 2214 causa3
693 2171 783 2208 hinc
804 2171 1019 2208 miserabile
1040 2171 1244 2220 Nymphae‚

130 2224 231 2262 Cum
250 2225 390 2273 quibus
405 2224 470 2261 illa
487 2225 622 2261 choros
643 2225 737 2261 lucis
759 2225 928 2273 agitabat
946 2225 985 2259 in
1007 2224 1105 2268 altis,

130 2277 310 2315 Exitium
330 2278 466 2314 misere
481 2277 629 2325 apibus.
688 2277 750 2313 Tu
770 2290 931 2314 munera
951 2277 1115 2325 supplex

130 2331 275 2376 Tende,
295 2338 430 2380 petens
449 2343 592 2379 pacem,
614 2336 651 2367 et
672 2329 803 2368 faciles
822 2343 1006 2367 venerare
1025 2330 1202 2379 Napaeas.
1242 2331 1319 2368 535

129 2384 308 2434 Namque
328 2385 474 2421 dabunt
492 2385 646 2421 veniam
666 2384 779 2428 votis,
798 2385 952 2432 irasque
970 2383 1186 2421 remittent.

131 2436 217 2483 Sed,
239 2438 373 2476 modus
393 2437 526 2475 orandi
546 2437 613 2486 qui
634 2437 696 2484 sit,
716 2437 822 2486 prius
842 2437 976 2475 ordine
995 2437 1130 2474 dicam.
