1475 2712
515 222 708 250 AENEIDOS
728 222 754 250 1.
1170 209 1219 245 13

58 323 137 360 Aut
155 334 296 371 capere,
317 326 383 360 aut
400 324 526 370 captas
538 319 615 369 jam
635 319 862 369 despectare,
882 317 1067 355 videntur.
1141 315 1217 352 400

61 377 114 414 Ut
133 375 286 413 reduces
303 376 356 412 illi
371 375 506 413 ludunt
526 373 768 411 stridentibus
786 373 866 418 alis,

59 429 110 467 Et
127 435 235 467 coetu
254 429 400 466 cinxere
419 428 555 477 polum,
576 434 780 476 cantusque
798 426 961 468 dedere3

60 483 176 520 Haud
196 482 302 520 aliter
320 494 532 532 puppesque
549 487 646 525 tuae,
668 481 857 529 pubesque
874 489 1023 517 tuorum

56 537 137 574 Aut
153 542 298 585 portum
318 543 431 581 tenet,
449 544 514 572 aut
531 534 641 584 pleno
661 535 760 572 subit
780 533 873 570 ostia
891 532 983 569 velo.

57 589 178 638 Perge
196 589 318 635 modo,
339 596 390 634 et,
413 601 486 638 qua
503 595 541 626 te
560 588 664 625 ducit
683 587 752 632 via,
774 587 894 634 dirige
912 597 1089 634 gressum.
1138 584 1215 620 405

111 642 228 688 Dixit,
249 649 287 680 et
304 649 475 680 avertens
493 654 596 679 rosea
614 641 756 678 cervice
774 640 926 684 refulsit,

55 695 343 745 Ambrosiaeque
361 708 487 733 comae
505 695 668 731 divinum
689 694 827 732 vertice
844 694 994 731 odorem

59 750 272 798 Spiravere;
302 750 413 799 pedes
430 749 539 786 vestis
558 748 716 785 defluxit
734 748 780 785 ad
799 748 903 793 imos,

59 803 108 841 Et
126 815 212 840 vera
229 803 371 840 incessu
391 802 511 852 patuit
525 803 606 839 dea.
662 801 741 846 Ille,
762 801 825 838 ubi
843 806 996 838 matrem

58 855 237 905 Agnovit,
257 857 323 894 tali
343 857 544 905 fugientem
564 860 620 894 est
639 868 732 892 voce
750 862 899 892 secutus
919 867 928 891 :
1140 853 1215 888 4l0

56 910 158 955 Quid
177 916 305 947 natum
325 911 447 952 toties,
467 909 624 947 crudelis
645 915 685 946 tu
706 921 863 958 quoque,
884 907 983 945 falsis

58 963 174 1000 Ludis
191 963 412 1011 imaginibus
431 963 450 1000 Ρ
478 976 544 1000 cur
562 963 715 1000 dextrae
727 962 888 1011 jungere
906 962 1074 998 dextram

57 1017 88 1053 N
95 1029 143 1053 on
162 1017 283 1062 datur,
304 1030 346 1053 ac
365 1029 469 1054 veras
488 1017 616 1054 audire
634 1025 671 1054 et
690 1016 845 1053 reddere
864 1027 971 1052 voces
989 1014 1009 1051 ἱ)

57 1069 209 1107 Talibus
226 1070 380 1115 incusat,
400 1083 639 1118 gressumque
658 1070 706 1106 ad
724 1069 870 1107 moenia
888 1068 1024 1106 tendit.

57 1125 110 1161 At
131 1123 258 1160 Venus
276 1124 433 1160 obscuro
452 1123 658 1171 gradientis
676 1127 761 1160 aere
779 1123 903 1172 sepsit,
1140 1121 1214 1156 415

58 1177 108 1214 Et
126 1176 244 1214 multo
262 1178 418 1214 nebulae
437 1178 573 1214 circum
593 1177 663 1213 dea
680 1176 778 1215 fudit
796 1176 932 1214 amictu
948 1187 957 1218 ;

58 1231 218 1267 Cernere
236 1242 285 1267 ne
301 1231 382 1278 quis
401 1243 473 1276 eos,
494 1242 567 1266 neu
587 1230 667 1278 quis
687 1230 903 1279 contingere
919 1231 1055 1277 posset,

56 1283 225 1321 Molirive
240 1296 390 1330 moram,
412 1290 477 1321 aut
495 1283 667 1320 veniendi
684 1296 834 1333 poscere
851 1294 1010 1320 caussas.

58 1337 142 1386 Ipsa
162 1336 330 1386 Paphum
351 1337 518 1374 sublimis
536 1337 625 1381 abit,
647 1337 826 1386 sedesque
843 1336 970 1374 revisit

57 1391 175 1428 Laeta
192 1403 297 1428 suas:
326 1391 390 1428 ubi
408 1390 584 1440 templum
604 1390 669 1436 illi,
690 1398 913 1439 centumque
932 1389 1073 1427 Sabaeo
1144 1389 1219 1424 420

58 1444 158 1481 Ture
176 1445 297 1482 calent
315 1457 410 1489 arae,
430 1444 609 1493 sertisque
627 1445 837 1482 recentibus
854 1443 994 1481 halant.

109 1497 331 1546 Corripuere
350 1499 443 1535 viam
463 1498 614 1542 interea,
636 1511 709 1547 qua
727 1498 857 1536 semita
875 1501 1079 1534 monstrat:

53 1549 213 1600 Jamque
231 1552 506 1589 adscendebant
525 1552 666 1597 collem,
687 1553 750 1600 qui
769 1551 948 1601 plurimus
965 1550 1049 1587 urbi

55 1604 238 1650 Imminet,
260 1605 505 1654 adversasque
525 1605 715 1654 adspectat
734 1606 893 1654 desuper
911 1616 1024 1642 arces.

53 1658 211 1695 Miratur
230 1658 364 1696 molem
383 1660 539 1704 Aeneas,
560 1659 718 1707 magalia
736 1659 946 1708 quondam:
1141 1658 1215 1693 425

55 1711 215 1749 Miratur
234 1719 372 1761 portaS,
393 1712 675 1761 strepitumque,
693 1717 731 1750 et
750 1718 868 1750 strata
885 1712 1041 1749 viarum.

56 1764 203 1803 Instant
221 1765 392 1803 ardentes
413 1766 538 1815 Tyrii:
568 1778 652 1814 pars
670 1766 805 1803 ducere
823 1778 958 1811 muros,

57 1818 255 1866 Molirique
272 1831 403 1865 arcem,
425 1831 463 1857 et
477 1820 646 1856 manibus
661 1819 879 1856 subvolvere
897 1830 1006 1856 saxa:
1050 1857 1054 1861 ,

59 1871 149 1909 Pars
166 1881 295 1921 optare
313 1872 434 1910 locum
452 1878 563 1917 tectO,
583 1878 621 1910 et
639 1873 860 1910 concludere
877 1873 991 1910 sulco.

55 1924 79 1962 J
84 1938 150 1962 ura
167 1926 478 1975 magistratusque
495 1927 637 1975 legunt,
658 1933 901 1975 sanctumque
918 1931 1101 1964 senatum.
1144 1924 1219 1962 43⁴]

57 1978 133 2016 Hic
150 1985 280 2028 portus
297 1979 358 2016 alii
376 1980 558 2018 effodiunt
573 1993 581 2017 :
610 1979 670 2017 hic
684 1980 759 2018 alta
775 1980 930 2018 theatris

60 2031 315 2070 Fundamenta
333 2033 457 2072 locant
470 2033 543 2078 alii,
564 2033 803 2082 immanisque
821 2034 1010 2071 columnas

60 2085 232 2135 Rupibus
251 2086 439 2131 excidunt,
460 2087 577 2124 scenis
595 2087 728 2124 decora
747 2088 823 2125 alta
839 2087 987 2125 futuris.

62 2139 193 2184 Qualis
210 2152 307 2189 apes,
328 2146 468 2178 aestate
485 2153 592 2186 nova,
613 2153 677 2189 per
694 2141 807 2178 florea
825 2154 912 2178 rura

59 2192 218 2231 Exercet
237 2193 306 2230 sub
324 2194 400 2231 sole
417 2194 532 2239 labor,
553 2206 665 2242 quum
683 2195 806 2242 gentis
824 2194 972 2232 adultos
1144 2194 1218 2230 4:35

61 2245 239 2284 Educunt
256 2246 364 2292 fetus,
385 2253 451 2285 aut
469 2259 582 2295 quum
602 2247 782 2296 liquentia
800 2248 910 2284 mella

63 2299 223 2349 Stipant,
244 2310 282 2338 et
298 2300 398 2338 dulci
416 2300 638 2338 distendunt
656 2307 805 2339 nectare
824 2302 934 2338 cellas
950 2314 960 2345 ;

60 2353 140 2391 Aut
153 2365 266 2390 onera
284 2354 471 2403 accipiunt
488 2354 713 2399 venientum,
733 2361 809 2400 aut,
829 2355 976 2403 agmine
993 2356 1103 2399 facto,

60 2405 239 2454 Ignavum
258 2407 362 2444 fucos
380 2420 492 2456 pecus
510 2420 531 2444 a
547 2407 784 2457 praesepibus
803 2415 952 2446 arcent:

59 2458 196 2497 Fervet
213 2472 317 2510 opus,
333 2461 575 2511 redolentque
592 2460 722 2551 tlgmo
740 2461 943 2511 fragrantia
957 2462 1076 2499 mella.
1141 2463 1218 2498 440
