1475 2712
562 132 750 160 AENEIDOS
778 132 803 159 1.
1111 153 1113 155 .
1246 131 1256 158 ί

106 232 262 280 Jamque
280 230 376 267 faces
391 234 428 268 et
447 241 535 266 saxa
551 227 701 272 volant3
731 229 831 265 furor
850 240 950 265 arma
969 227 1152 265 ministrat
1172 241 1180 264 ι

106 285 213 330 Tum,
233 284 371 333 pietate
383 295 531 332 gravem
551 294 593 318 ac
611 282 749 319 meritis
764 282 793 319 si
811 281 906 319 forte
924 281 1042 318 virum
1062 294 1169 330 quem
1186 281 1259 318 155

107 338 354 387 Conspexere,
376 338 495 380 silent,
516 335 748 384 adrectisque
767 335 915 372 auribus
935 334 1109 379 adstant;

106 391 180 429 Iste
197 391 292 440 regit
310 390 418 428 dictis
436 389 587 433 animos,
608 393 645 426 et
659 395 809 438 pectora
828 389 987 426 mulcet:

105 445 165 481 Sic
183 449 336 482 cunctus
354 443 474 493 pelagi
489 442 620 480 cecidit
638 443 772 490 fragor,
794 455 952 491 aequora
970 446 1163 491 postquam

106 497 335 547 Prospiciens
353 497 510 546 genitor,
532 495 708 545 coeloque
726 496 892 533 invectus
911 500 1052 545 aperto,

106 551 239 589 Flectit
258 563 380 600 equos,
402 556 586 598 curruque
604 550 730 586 volans
749 550 814 587 dat
832 550 910 586 lora
928 549 1102 586 secundo,
1187 546 1262 585 16«)

155 605 297 642 Defessi
315 604 522 648 Aeneadae,
544 615 637 651 quae
655 603 831 651 proxima,
851 602 978 640 littora
996 614 1105 638 cursu

106 657 347 695 Contendunt
360 663 496 707 petere,
516 662 553 694 et
572 656 713 706 Libyae
732 662 926 694 vertuntur
945 656 991 692 ad
1011 668 1103 693 oras.

159 711 225 759 Est
244 711 281 748 in
300 724 443 748 secessu
461 711 574 759 longo
588 711 713 747 locus:
740 710 859 746 insula
878 715 1025 758 portum

104 764 227 802 Efficit
247 764 392 814 objectu
411 765 576 808 laterum,
598 764 730 813 quibus
749 763 867 800 omnis
887 764 933 800 ab
952 763 1027 800 alto

104 817 303 867 Frangitur
321 818 433 867 inque
451 818 551 855 sinus
571 818 705 855 scindit
720 830 797 854 sese
815 818 915 854 unda
934 817 1117 854 reductos.
1191 816 1260 854 167.

103 871 207 908 Hinc
227 877 337 921 atque
354 872 440 909 hinc
459 876 583 909 vastae
602 884 720 920 rupes,
741 871 952 920 geminique
968 870 1158 907 minantur

104 924 147 961 In
167 925 310 962 coelum
329 925 479 974 scopuli,
501 937 657 974 quorum
677 925 745 961 sub
765 925 902 962 vertice
918 925 991 961 late

101 978 274 1027 Aequora
293 984 375 1016 tuta
393 979 522 1016 silent:
552 984 632 1016 tum
652 978 750 1015 silvis
769 991 878 1015 scena
896 978 1055 1015 coruscis

103 1031 282 1080 Desuper,
303 1032 541 1079 horrentique
560 1038 682 1069 atrum
702 1045 830 1068 nemus
850 1032 1016 1069 imminet
1035 1031 1180 1068 umbra.

103 1084 241 1122 Fronte
259 1086 328 1122 sub
342 1085 495 1123 adversa
513 1085 672 1134 scopulis
691 1086 938 1134 pendentibus
958 1093 1106 1123 antrum
1124 1098 1131 1121 :
1184 1087 1258 1124 170

102 1138 207 1176 Intus
226 1151 340 1187 aquae
357 1139 494 1184 dulces,
516 1139 673 1187 vivoque
693 1139 820 1175 sedilia
838 1152 926 1175 saxo
944 1152 951 1176 :

101 1191 357 1241 Nympharum
375 1193 516 1231 domus.
572 1192 648 1229 Hic
667 1192 777 1229 fessas
795 1204 869 1228 non
890 1192 1036 1229 vincula
1054 1193 1157 1229 navis

107 1245 189 1282 Ulla
208 1249 337 1284 tenent
356 1259 364 1290 3
395 1259 491 1284 unco
510 1258 583 1282 non
604 1246 744 1294 adligat
763 1258 896 1283 ancora
915 1259 1051 1282 morsu.

99 1298 186 1336 Huc
206 1304 345 1348 septem
365 1300 510 1337 Aeneas
529 1300 691 1337 collectis
710 1300 865 1336 navibus
883 1301 982 1336 omni

101 1351 158 1389 Ex
178 1365 330 1390 numero
350 1354 448 1391 subit
468 1367 476 1398 ;
508 1366 561 1399 ac,
582 1366 716 1402 magno
733 1353 875 1391 telluris
894 1366 1018 1390 amore
1186 1355 1261 1394 175

100 1404 260 1454 Egressi,
280 1411 407 1456 optata
424 1408 618 1456 potiuntur
640 1408 754 1444 Troes
773 1419 894 1452 arena,

102 1458 162 1504 Et,
184 1460 257 1497 sale
276 1461 446 1506 tabentis,
462 1465 564 1498 artus
583 1461 621 1497 in
640 1460 764 1499 littore
783 1465 940 1510 ponunt.

101 1513 156 1550 Ac
173 1513 331 1562 primum
350 1515 442 1552 silici
461 1515 656 1552 scintillam
677 1515 828 1552 excudit
849 1514 1020 1561 Achates,

100 1565 340 1616 Suscepitque
358 1568 482 1617 ignem
497 1568 606 1613 foliis,
627 1574 738 1617 atque
757 1568 859 1605 arida
878 1568 1016 1606 circum

101 1619 339 1658 Nutrimenta
356 1622 471 1666 dedit,
492 1622 689 1671 rapuitque
707 1622 745 1658 in
764 1622 892 1659 fomite
910 1622 1107 1660 flammam.
1184 1624 1260 1662 180»

100 1672 196 1723 Tum
217 1674 398 1720 Cererem,
419 1681 627 1724 corruptam
647 1675 765 1721 undis,
788 1675 1026 1725 Cerealiaque
1041 1690 1153 1723 arma,

100 1726 324 1776 Expediunt,
345 1728 429 1765 fessi
447 1742 591 1774 rerum;
618 1729 815 1778 frugesque
833 1734 998 1778 receptas

102 1779 151 1818 Et
169 1785 310 1818 torrere
328 1787 459 1831 parant
477 1782 642 1827 flammis,
664 1788 701 1820 et
719 1783 888 1831 frangere
900 1795 999 1821 saxo.

151 1834 296 1872 Aeneas
316 1836 505 1885 scopulum
524 1836 666 1874 interea
684 1836 909 1879 conscendit,
929 1842 967 1875 et
986 1849 1131 1875 omnem

100 1885 340 1937 Prospectum
359 1890 433 1927 late
451 1890 583 1939 pelago
602 1890 693 1938 pet-it
710 1903 719 1933 ;
749 1890 898 1928 Anthea
917 1890 947 1927 si
965 1903 1074 1939 quem
1185 1892 1260 1930 185

98 1940 286 1979 Jactatum
306 1948 418 1981 vento
436 1944 571 1987 videat,
594 1943 848 1993 Phrygiasque
866 1943 1026 1990 biremis,

100 1994 180 2031 Aut
201 1995 344 2046 Capyn,
363 2002 428 2035 aut
447 1997 551 2034 celsis
569 1998 608 2033 in
627 1997 810 2046 puppibus
828 2010 927 2034 arma
948 1997 1059 2035 Cai'ci.

98 2047 239 2085 Navem
258 2049 297 2086 in
316 2056 513 2099 conspectu
532 2051 695 2095 nullam3
724 2051 790 2088 tris
807 2051 933 2089 littore
951 2064 1077 2088 cervos

100 2100 283 2150 Prospicit
301 2104 456 2142 errantis
475 2118 482 2142 :
512 2105 579 2141 hos
597 2110 676 2142 tota
695 2109 860 2142 armenta
879 2111 1085 2154 sequuntur

98 2155 132 2190 A
152 2160 269 2204 tergo,
292 2162 328 2194 et
346 2158 499 2206 longum
518 2171 582 2207 per
602 2158 705 2195 vallis
720 2159 881 2207 pascitur
899 2171 1044 2207 agmen.
1181 2160 1256 2199 190¹

99 2207 278 2246 Constitit
295 2209 365 2254 hic,
387 2223 584 2260 arcumque
602 2224 713 2249 manu
733 2212 942 2261 celeresque
961 2213 1115 2261 sagittas

100 2260 298 2311 Corripuit,
320 2264 415 2302 fidus
430 2278 523 2314 quae
543 2265 617 2303 tela
634 2266 787 2314 gerebat
805 2265 965 2303 Achates
982 2279 990 2303 :

98 2314 356 2366 Ductoresque
373 2318 470 2367 ipsos
490 2319 657 2367 primum,
678 2319 798 2368 capita
817 2319 891 2356 alta
909 2319 1060 2357 ferentis

100 2368 281 2408 Cornibus
300 2372 472 2418 arboreis,
493 2373 626 2411 sternit
644 2386 653 2417 ;
682 2378 761 2411 tum
783 2373 913 2422 volgus
932 2387 942 2417 ;
970 2378 1009 2411 et
1028 2385 1175 2411 omnem
