1475 2712
129 217 231 270 nr]
447 184 449 186 ⁵
542 214 890 255 GEORGICON.
1271 217 1321 257 37

130 325 376 373 Invalidique
394 328 545 373 patrum
566 322 736 360 referant
749 322 899 371 jejunia
921 323 1018 363 nati.

130 379 221 427 Ipsa
242 385 369 416 autem
387 377 507 414 macie
527 382 688 414 tenuant
708 384 880 413 armenta
901 377 1084 420 volentes,

130 431 274 480 Atque,
298 432 360 468 ubi
381 430 607 468 concubitus
628 430 770 478 primos
797 430 881 478 jam
901 436 992 467 nota
1011 431 1189 478 voluptas
1248 432 1323 467 130

134 485 333 529 Sollicitat,
354 484 585 532 frondesque
606 489 760 532 negant,
782 491 820 520 et
838 484 1010 520 fontibus
1030 491 1177 528 arcent3

133 538 243 587 Saepe
263 538 378 575 etiam
398 549 511 574 cursu
532 538 723 585 quatiunt,
746 543 783 573 et
804 538 882 573 sole
901 537 1078 586 fatigant,

131 591 230 629 Cum
250 591 422 640 graviter
440 590 564 627 tunsis
583 591 703 637 gemit
723 603 811 627 area
832 590 1022 638 frugibus,
1044 598 1082 627 et
1102 604 1189 628 cum

132 644 362 694 Surgentem
382 644 430 681 ad
451 643 671 692 Zephyrum
692 644 809 692 palere
830 643 1030 691 jactantur
1050 645 1196 682 inanes.

130 698 218 735 Hoc
237 697 393 741 faciunt,
415 697 534 733 nimio
555 709 602 733 ne
623 698 717 733 luxu
740 698 912 734 obtusior
934 710 1024 734 usus
1246 698 1318 734 135

131 751 190 789 Sit
210 751 368 800 genitali
389 763 492 795 arvo,
514 756 551 787 et
572 750 696 787 sulcos
716 751 875 788 oblimet
894 751 1055 794 inertes;

132 805 208 842 Sed
228 805 351 854 rapiat
371 804 505 841 sitiens
525 803 718 840 Venerem
738 804 980 852 interiusque
1000 805 1195 841 recondat.

184 858 333 895 Rursus
353 870 444 895 cura
464 863 614 906 patrum
635 858 780 902 cadere,
802 864 840 894 et
861 858 1063 894 succedere
1083 864 1250 895 matrum

129 911 290 960 Incipit.
346 911 508 948 Exactis
527 911 696 959 gravidae
718 923 805 948 cum
824 911 1020 948 mensibus
1039 917 1187 953 errant3

128 964 219 1001 Non
239 965 324 1001 illas
341 965 526 1013 gravibus
541 964 745 1013 quisquam
758 964 856 1013 juga
870 965 1009 1001 ducere
1026 965 1220 1012 plaustris,
1250 966 1321 1002 140

127 1018 219 1055 Non
240 1018 337 1055 saltu
358 1030 539 1066 superare
561 1018 661 1054 viam
682 1019 731 1055 sit
753 1031 895 1066 passus,
918 1024 955 1055 et
974 1018 1054 1055 acri

129 1070 297 1118 Carpere
318 1077 428 1119 prata
445 1070 551 1118 fuga,
570 1071 786 1118 fluviosque
805 1072 940 1108 innare
959 1083 1126 1120 rapaces.

130 1124 300 1162 Saltibus
321 1125 360 1159 in
381 1124 513 1161 vacuis
535 1130 691 1172 pascant
711 1130 748 1161 et
770 1125 881 1171 plena
902 1125 1113 1161 secundum

127 1178 324 1221 Flumina3
352 1189 505 1214 muscus
527 1178 592 1214 ubi
612 1183 650 1214 et
670 1178 904 1214 viridissima
921 1179 1097 1226 gramine
1116 1178 1212 1227 ripa,

129 1231 405 1279 Speluncaeque
425 1236 569 1279 tegant,
591 1236 629 1267 et
648 1243 764 1267 saxea
784 1232 969 1280 procubet
991 1233 1139 1269 umbra.
1245 1233 1318 1269 145

127 1285 200 1322 Est
219 1285 323 1321 lucos
344 1283 457 1321 Silari
477 1284 579 1321 circa
599 1284 828 1333 ilicibusque
847 1285 1038 1322 virentem

126 1338 312 1375 Pluribus
332 1338 557 1374 Alburnum
578 1338 876 1383 volitans,--cui
896 1350 1036 1375 nomen
1056 1339 1152 1376 asilo

126 1391 344 1428 Romanum
363 1396 432 1434 ρετ,
454 1399 613 1428 oestrum
635 1390 746 1428 Graii
766 1398 917 1428 vertere
939 1398 1194 1436 vocantes3—

126 1444 265 1493 Asper,
288 1445 424 1482 acerba
444 1457 600 1488 sonans3
620 1457 695 1492 quo
715 1451 795 1482 tota
815 1446 1002 1483 exterrita
1022 1446 1130 1482 silvis

126 1497 351 1547 Diffugiunt
368 1504 557 1535 armenta:
578 1497 672 1535 furit
693 1499 906 1546 mugitibus
925 1500 1046 1536 {ether
1244 1500 1319 1536 150

127 1550 347 1589 Concussus
366 1551 548 1600 silvaeque
569 1557 606 1589 et
626 1552 715 1589 sicci
736 1553 821 1600 ripa
842 1552 1026 1601 Tanagri.

125 1604 214 1642 Hoc
233 1605 424 1654 quondam
444 1611 614 1642 monstro
634 1606 838 1642 horribiles
859 1606 1034 1643 exercuit
1054 1606 1131 1643 iras

126 1658 296 1695 Inachiae
313 1658 421 1696 Juno
440 1666 585 1706 pestem
606 1659 995 1707 meditatajuvencae.

126 1711 246 1749 Hunc
265 1725 561 1761 quoque—nam
580 1713 717 1749 mediis
736 1712 954 1750 fervoribus
975 1713 1098 1750 acrior
1118 1712 1292 1750 instat-

126 1764 291 1802 Arcebis
310 1766 472 1813 gravido
491 1766 630 1814 pecori,
654 1772 903 1814 armentaque
924 1779 1058 1814 pasces
1245 1767 1316 1803 155

129 1819 217 1856 Sole
237 1830 370 1856 recens
390 1825 484 1862 orto,
507 1825 573 1855 aut
592 1825 744 1856 noctem
764 1820 994 1857 (lucentibus
1014 1819 1138 1856 astris.

178 1872 272 1909 Post
293 1878 445 1921 partum
465 1885 557 1909 cura
575 1873 615 1909 in
636 1872 778 1910 vitulos
798 1873 1014 1910 traducitur
1033 1874 1175 1917 omnis3

127 1925 397 1973 Continuoque
417 1932 526 1963 notas
547 1932 584 1963 et
605 1926 757 1963 nomina
778 1927 906 1975 gentis
924 1927 1097 1971 inurunt,

125 1979 190 2024 Et,
211 1992 306 2028 quos
327 1985 392 2015 aut
411 1980 540 2028 pecori
560 1980 695 2016 malint
716 1980 941 2017 submittere
961 1981 1148 2025 habendo,

125 2031 210 2070 Aut
230 2032 307 2076 aris
327 2045 481 2070 servare
501 2045 635 2077 saeros,
657 2040 723 2070 aut
743 2033 917 2071 scindere
937 2041 1093 2079 terram,
1241 2035 1316 2072 160

125 2085 178 2122 Et
198 2098 374 2135 campum
395 2086 616 2123 horrentem
635 2086 767 2124 fractis
787 2087 982 2124 invertere
1002 2088 1138 2136 glebis.

127 2138 269 2177 Cetera
290 2145 499 2187 pascuntur
518 2140 663 2177 virides
678 2146 851 2177 armenta
871 2153 940 2189 per
958 2141 1109 2177 herbas.

126 2193 189 2229 Tu
208 2205 304 2240 quos
323 2193 372 2229 ad
392 2193 560 2229 studium
579 2201 693 2241 atque
715 2206 824 2230 usum
845 2194 1028 2231 formabis
1048 2199 1249 2242 agrestem,

124 2246 217 2284 ‹Jam
237 2245 379 2283 vitulos
396 2246 565 2290 hortare,
583 2247 763 2295 viamque
782 2247 917 2283 insiste
936 2248 1126 2285 domandi.

125 2299 231 2336 Dum
251 2298 382 2336 faciles
402 2299 520 2336 animi
535 2299 739 2348 juvenum,
760 2300 851 2336 dum
872 2300 1023 2338 mobilis
1043 2309 1148 2339 aetas.
1242 2302 1314 2338 165

125 2351 186 2390 Ac
205 2353 372 2400 primum
392 2353 500 2390 laxos
520 2353 629 2389 tenui
648 2353 695 2390 de
714 2353 860 2390 vimine
879 2354 1015 2391 circlos

127 2406 282 2443 Cervici
302 2407 486 2444 subnecte
493 2421 503 2450 3
523 2407 673 2451 dehinc,
694 2407 763 2444 ubi
781 2406 904 2444 libera
918 2407 1016 2445 colla

128 2459 298 2497 Servitio
318 2459 526 2506 ademerint,
546 2460 640 2509 ipsis
660 2472 680 2498 e
702 2460 904 2509 torquibus
924 2466 1032 2510 aptos
