1475 2712
514 203 706 231 AENEmos
725 204 766 231 11.
1203 194 1254 233 39

82 297 241 344 Extulit,
263 304 301 337 et
319 301 423 338 coelo
442 300 581 349 palmas
601 311 684 336 cum
705 312 796 337 voce
815 301 978 338 tetendit
998 314 1006 338 :

80 351 232 400 Jupiter
249 354 493 403 omnipotens,
513 353 685 401 precibus
705 353 733 390 si
753 354 911 392 flecteris
931 354 1026 397 ullis,

83 405 248 454 Adspice
266 418 357 451 nos3
388 407 458 444 hoo
477 411 649 444 tantum:
681 412 728 451 et,
751 407 779 443 si
800 408 939 456 pietate
958 419 1154 451 meremur,
1177 405 1253 445 690

82 457 145 496 Da
163 459 300 496 deinde
318 460 506 505 auxilium,
524 464 642 508 pater,
662 465 775 508 atque
797 459 883 497 haec
904 460 1028 497 omina
1046 460 1166 497 firma.

137 511 211 549 Vix
231 525 274 550 ea
292 513 391 550 fatus
410 518 490 551 erat
510 514 632 549 senior
649 526 656 550 :
688 513 887 562 subitoque
905 513 1054 561 fragore

83 563 254 604 Intonuit
272 566 428 612 laevum,
449 571 497 611 et,
519 566 566 602 de
585 566 688 603 coelo
707 566 819 615 lapsa,
842 579 905 615 per
927 567 1085 611 umbras,

82 616 209 664 Stella,
229 619 343 656 facem
360 619 511 664 ducens,
532 620 650 656 multa
667 632 751 655 oum
771 619 853 655 luce
872 619 1048 657 cucurrit.

83 671 201 716 Illam,
222 684 364 709 summa
379 685 489 721 super
509 673 695 710 labentem
715 672 878 708 culmina
898 673 1000 717 tecti,
1178 670 1254 710 695

83 724 278 762 Cernimus
299 725 410 762 Idaea
428 726 563 762 claram
584 738 623 762 se
642 725 802 762 condere
821 726 923 769 silva,

82 778 377 827 Signantemque
397 779 472 815 vias
489 792 497 816 :
526 783 606 815 tum
626 779 741 826 longo
761 778 878 816 limite
897 779 1020 815 sulcus

80 831 160 868 Dat
179 831 307 874 lucem,
329 837 366 868 et
384 831 459 869 late
478 832 615 869 circum
636 832 715 868 loca
730 831 869 868 sulfure
889 832 1034 870 fumant
1046 858 1054 867 .

82 884 158 921 Hie
178 897 265 922 vero
286 885 403 922 vietus
422 885 570 933 genitor
590 898 628 922 se
649 885 747 922 tollit
766 885 813 921 ad
834 898 952 930 auras,

83 937 304 986 Affaturque
324 938 424 982 deos,
447 943 484 976 et
503 944 671 976 sanetum
693 939 794 975 sidus
814 939 945 975 adorat
964 952 972 975 ι
1180 936 1255 975 700

80 991 166 1028 Jam
181 991 259 1040 jam
280 991 382 1028 nulla
399 1004 501 1028 mora
519 997 598 1029 est:
617 1004 762 1040 sequor,
784 996 832 1035 et,
854 1005 926 1039 qua
945 992 1091 1035 ducitis,
1113 991 1256 1028 adsum.

82 1044 135 1080 Di
154 1045 276 1093 patrii,
298 1050 442 1081 servate
461 1045 624 1088 domum,
646 1051 790 1082 servate
809 1051 982 1094 nepotem
1001 1059 1008 1082 :

83 1097 259 1135 Vestrum
279 1097 349 1134 hoc
370 1098 580 1146 augurium,
602 1103 799 1146 vestroque
816 1099 854 1134 in
874 1099 1024 1134 numine
1046 1097 1077 1134 Τ
1080 1097 1159 1147 roja
1174 1103 1241 1134 est.

83 1150 188 1188 Cedo
207 1151 392 1200 equidem,
413 1164 492 1197 neo,
513 1156 612 1196 nate,
629 1151 698 1188 tibi
717 1164 839 1188 eomes
858 1151 911 1188 ire
931 1162 1074 1188 recuso.

136 1205 294 1242 Dixerat
312 1204 375 1240 ille
394 1217 402 1241 ε
426 1209 462 1242 et
475 1204 554 1252 jam
574 1217 639 1253 per
658 1205 803 1241 moenia
823 1205 955 1241 clarior
973 1204 1071 1253 ignis
1182 1205 1257 1244 705

80 1257 257 1303 Auditur,
277 1258 504 1306 propiusque
524 1262 647 1295 aestus
667 1258 840 1295 ineendia
861 1259 1029 1296 volvunt.

82 1310 185 1360 Ergo
204 1323 284 1360 age,
305 1323 390 1348 care
410 1316 526 1360 pater,
547 1312 682 1348 cervici
702 1312 892 1361 imponere
907 1318 1081 1350 nostrae:

80 1364 164 1412 Ipse
183 1365 313 1402 subibo
333 1365 506 1409 humeris,
529 1377 597 1402 neo
620 1378 677 1402 me
692 1366 799 1402 labor
820 1365 889 1403 iste
908 1365 1094 1413 gravabit.

83 1418 170 1463 Quo
189 1431 246 1455 res
266 1430 426 1466 cumque
445 1418 592 1464 eadent,
607 1431 723 1455 unum
746 1424 782 1456 et
803 1431 998 1455 commune
1013 1420 1202 1469 periclum,

84 1471 172 1509 Una
191 1472 288 1509 salus
307 1472 484 1508 ambobus
505 1472 589 1509 erit.
642 1472 741 1508 Mihi
760 1485 895 1521 parvus
914 1473 1016 1509 iulus
1138 1493 1143 1499 ·
1182 1472 1258 1510 710

83 1524 140 1563 Sit
159 1538 291 1570 eomes,
313 1530 351 1563 et
369 1525 481 1573 longe
500 1532 622 1563 servet
642 1526 798 1573 vestigia
813 1525 993 1574 conjunx.

82 1578 161 1616 Vos
174 1579 314 1624 famuli,
336 1591 431 1627 quae
450 1578 581 1623 dicam,
601 1579 732 1615 animis
752 1579 935 1617 advertite
955 1579 1099 1616 vestris.

84 1631 154 1670 Est
173 1633 265 1670 urbe
284 1632 439 1680 egressis
459 1632 910 1681 tumulus,templumque
933 1637 1118 1670 vetustum

84 1685 266 1724 Desertae
287 1686 441 1731 Cereris,
458 1685 640 1733 juxtaque
660 1686 811 1733 antiqua
830 1698 1034 1734 cupressus,

83 1738 283 1788 Religione
302 1744 450 1787 patrum
471 1738 607 1776 multos
627 1744 771 1776 servata
786 1752 851 1787 per
871 1752 988 1776 annos
1009 1752 1016 1776 :
1182 1739 1258 1778 715

82 1791 195 1830 Hane
214 1805 260 1830 ex
278 1792 424 1829 diverso
443 1792 569 1828 sedem
589 1791 777 1829 veniemus
797 1792 835 1828 in
856 1805 978 1829 unam.

85 1845 157 1892 Tu,
177 1846 337 1895 genitor,
359 1857 448 1893 cape
467 1857 569 1882 sacra
589 1857 712 1890 manu,
733 1846 947 1894 patriosque
968 1845 1127 1883 Penates
1144 1860 1151 1883 ε

85 1900 160 1946 Me,
181 1901 278 1937 bello
297 1913 318 1937 e
337 1903 444 1937 tanto
459 1898 678 1946 digressum,
700 1903 737 1936 et
757 1899 870 1935 caede
889 1899 1041 1944 recenti,

86 1952 304 1991 Attreetare
322 1953 436 1997 nefas,
458 1951 577 1989 donee
592 1964 651 1988 me
665 1951 820 1988 flumine
840 1952 924 1989 vivo

86 2007 265 2045 Abluero.
1186 2006 1207 2045 7
1239 2006 1262 2043 Ο

87 2060 193 2098 Haeo
207 2060 316 2105 stitus,
337 2059 431 2096 latos
449 2059 633 2103 humeros,
651 2059 893 2108 subjectaque
907 2060 1013 2105 eolla,

87 2114 203 2152 Veste
221 2125 331 2163 super
349 2112 513 2162 fulvique
532 2113 719 2150 insternor
739 2113 834 2162 pelle
854 2113 969 2150 leonis
986 2126 995 2156 ;

90 2167 331 2216 Suecedoque
350 2167 454 2203 oneri
471 2179 480 2210 ;
509 2166 664 2204 dextrae
679 2179 718 2203 se
736 2179 873 2215 parvus
894 2166 996 2203 Iulus

88 2221 289 2270 Implicuit,
310 2219 551 2267 sequiturque
569 2223 711 2266 patrem
730 2231 807 2256 non
825 2219 994 2268 passibus
1013 2218 1139 2268 aequis
1155 2231 1163 2256 :

90 2274 194 2312 Pone
213 2273 313 2312 subit
333 2272 510 2321 conjunx.
567 2271 596 2308 F
598 2272 735 2308 erimur
754 2285 820 2321 per
838 2285 953 2322 opaea
971 2273 1137 2309 locorum
1153 2285 1162 2317 3
1186 2271 1262 2311 725

90 2327 141 2366 Et
160 2340 229 2374 me,
251 2339 361 2377 quem
380 2325 523 2362 dudum
543 2337 620 2361 non
638 2325 715 2361 ulla
732 2324 869 2374 injecta
886 2325 1086 2363 movebant

90 2381 194 2427 Tela,
215 2393 335 2429 neque
354 2379 508 2416 adverso
526 2378 724 2426 glomerati
742 2390 789 2415 ex
807 2378 956 2427 agmine
973 2377 1088 2423 Graii,

92 2435 206 2473 Nunc
225 2446 356 2473 omnes
375 2436 518 2471 terrent
538 2444 661 2478 aurae,
683 2443 795 2470 sonus
814 2431 953 2471 excitat
971 2433 1101 2478 omnis,

1212 2006 1234 2042 to
