1475 2712
40 218 113 245 ΜΒ.
134 207 210 258 n1.]
333 218 369 244 Ρ.
399 217 522 244 ovum
548 216 708 245 NAsoms
735 215 854 243 rAsri.
1155 207 1204 245 47

91 315 384 364 Contigeratque
402 327 498 351 nova
516 314 637 351 sidera
655 327 798 352 summa
816 327 930 352 coma.

39 367 136 405 Ecce
153 381 256 406 meus
273 369 410 406 ferrum
430 375 584 417 patruus
602 368 753 405 molitur
771 369 810 405 in
829 368 923 405 illas.
1150 370 1199 402 :35

89 422 246 459 Terreor
264 422 456 459 admonitu
475 434 484 465 ;
514 433 648 470 corque
665 421 798 459 timore
816 422 939 459 micat.

36 475 172 513 Martia
189 476 291 525 picus
310 475 386 512 avis
403 475 552 524 gemino
570 487 638 524 pro
656 475 782 524 stipite
800 480 986 524 pugnant,

86 528 137 566 Et
154 530 252 578 lupa.
309 528 408 566 Tuta
425 541 491 577 per
508 528 576 566 hos
593 534 752 577 utraque
771 529 891 577 palma
909 529 990 565 fuit.

35 580 193 620 Dixerat
213 596 221 626 ;
253 587 289 620 et
308 582 455 631 plenam
473 594 550 618 non
563 581 679 619 firmis
698 582 837 619 viribus
855 595 986 619 urnam

88 635 259 673 Sustulit.
317 635 505 684 Implerat,
527 635 616 672 dum
635 648 701 672 sua
719 636 796 673 visa
813 635 939 673 refert.
1144 639 1194 675 40

34 687 181 726 Interea
199 694 385 727 crescente
407 689 537 734 Remo,
561 693 754 726 crescente
775 689 945 734 Quirino,

87 742 236 781 Coelesti
255 743 420 781 tumidus
438 743 602 792 pondere
620 748 751 780 venter
769 748 860 780 erat.

33 794 118 839 Quo
137 796 258 833 minus
278 796 437 834 emeritis
449 796 566 833 exiret
584 796 752 833 cursibus
772 808 905 841 annus,

83 848 292 887 Restabant
310 850 430 888 nitido
443 849 521 898 jam
540 849 615 886 duo
634 850 740 898 signa
758 850 840 886 deo.

30 902 155 951 Sylvia
173 904 216 941 fit
235 908 352 941 mater
371 917 380 941 ε
411 903 535 940 Vestae
555 903 748 940 simulacra
766 903 936 941 feruntur
1146 908 1194 942 45

81 955 280 1005 Virgineas
299 957 414 994 oculis
434 957 648 1006 opposuisse
665 969 809 994 manus.

27 1009 104 1046 Ara
123 1009 201 1047 deae
221 1017 320 1048 certe
339 1011 491 1048 tremuit
510 1011 677 1059 pariente
696 1011 875 1057 ministra,

80 1062 131 1101 Et
150 1064 263 1102 subiit
283 1064 423 1101 cineres
441 1065 572 1102 territa
589 1064 736 1101 flamma
755 1077 854 1101 suos.

26 1115 118 1153 Haec
136 1117 201 1153 ubi
220 1118 396 1166 cognovit
410 1122 617 1155 contemtor
638 1118 806 1154 Amulius
825 1119 933 1167 aequi,

80 1168 194 1220 (Nam
211 1176 336 1219 raptas
355 1171 459 1208 fratri
479 1171 598 1208 victor
618 1171 778 1209 habebat
797 1171 914 1223 opes‚)
1144 1178 1194 1214 50

25 1222 148 1260 Amne
159 1223 269 1272 jubet
288 1224 404 1272 mergi
423 1224 606 1272 geminos.
663 1225 790 1262 Scelus
808 1226 909 1263 unda
928 1227 1082 1276 refugit.

78 1277 122 1313 In
141 1277 235 1314 sicca
252 1276 357 1327 pueri
375 1278 632 1315 destituuntur
649 1278 777 1316 humo.

26 1329 140 1368 Lacte
158 1331 240 1380 quis
259 1331 419 1369 infantes
437 1331 555 1368 nescit
572 1332 728 1368 crevisse
746 1332 876 1377 ferino,

78 1384 126 1421 Et
141 1385 264 1434 picum
282 1384 456 1433 expositis
475 1397 572 1434 saepe
590 1385 718 1423 tulisse
737 1386 838 1422 cibos
856 1386 875 1422 ἶ)

21 1437 111 1474 Non
129 1450 200 1486 ego
218 1443 266 1483 te,
282 1442 398 1476 tantae
417 1438 546 1475 nutrix
566 1438 742 1476 Larentia
756 1439 891 1488 gentis,
1139 1444 1188 1479 55

76 1490 155 1528 Nec
174 1498 315 1529 taceam
333 1496 483 1536 vestras,
504 1491 678 1529 Faustule
696 1505 848 1542 pauper,
864 1505 961 1542 opes.

23 1543 156 1582 Vester
175 1545 292 1582 honos
308 1545 442 1590 veniet,
463 1558 546 1582 cum
566 1545 779 1583 Larentalia
798 1547 917 1583 dicam
935 1561 942 1584 ε

74 1598 259 1648 Acceptus
277 1599 396 1647 geniis
414 1598 478 1635 illa
496 1599 704 1636 December
724 1600 845 1636 habet.

20 1650 157 1689 Martia
175 1657 233 1690 ter
251 1665 359 1689 senos
375 1653 497 1701 proles
516 1653 727 1690 adoleverat
747 1666 863 1690 annos
881 1667 889 1690 :

74 1704 123 1742 Et
143 1706 291 1743 suberat
309 1706 412 1743 flavae
425 1705 503 1754 jam
523 1719 620 1743 nova
638 1707 753 1743 barba
772 1719 898 1744 comae.
1135 1712 1186 1748 60

23 1757 206 1796 Omnibus
226 1759 397 1807 agricolis
411 1765 733 1808 armentorumque
752 1761 937 1809 magistris

77 1811 203 1849 Iliadae
223 1813 354 1850 fratres
366 1813 454 1861 jura
471 1814 589 1862 petita
608 1815 760 1852 dabant.

20 1865 127 1914 Saepe
146 1866 297 1903 domum
316 1867 472 1904 veniunt
490 1867 708 1916 praedonum
726 1868 906 1916 sanguine
926 1869 1013 1915 laeti,

70 1918 121 1956 Et
138 1919 314 1968 redigunt
332 1925 433 1958 actos
451 1921 492 1956 in
511 1933 576 1957 sua
595 1934 682 1958 rura
700 1922 824 1958 boves.

21 1971 75 2009 Ut
93 1985 209 2020 genus
229 1973 440 2019 audierunt,
460 1974 601 2011 animos
619 1981 725 2024 pater
742 1975 865 2012 editus
884 1982 1003 2024 auget,
1133 1981 1184 2015 ‹55›

69 2025 120 2063 Et
138 2026 252 2074 pudet
269 2026 309 2062 in
326 2027 452 2076 paucis
471 2040 605 2064 nomen
623 2029 758 2065 habere
777 2029 868 2066 casis
884 2043 892 2067 :

18 2077 273 2127 Romuleoque
291 2081 392 2118 cadit
411 2080 587 2130 trajectus
606 2082 778 2118 Amulius
805 2095 891 2119 ense
907 2096 915 2120 :

71 2131 275 2182 Regnaque
292 2133 460 2182 longaevo
479 2135 726 2173 restituuntur
745 2148 825 2173 aVO.

17 2185 156 2223 Moenia
174 2186 386 2224 conduntur
406 2200 414 2224 :
443 2200 537 2236 quae,
557 2189 722 2237 quamvis
740 2202 853 2238 parva
871 2186 1032 2235 fuerunt,

67 2239 156 2276 Non
173 2244 297 2277 tamen
316 2241 479 2290 expediit
498 2242 726 2279 transiluisse
745 2243 878 2280 Remo.
1130 2244 1180 2283 70

13 2292 110 2338 Jam,
131 2294 242 2330 modo
261 2306 333 2342 qua
351 2294 498 2332 fuerant
517 2295 643 2344 sylvae,
664 2309 911 2345 pecorumque
929 2309 1105 2343 recessus,

68 2346 166 2383 Urbs
185 2351 287 2391 erat3
318 2352 466 2385 aeternae
486 2361 569 2385 cum
586 2354 692 2398 pater
710 2351 812 2387 urbis
830 2351 904 2387 ait:

15 2399 167 2437 Arbiter
185 2412 381 2447 armorum,
402 2402 449 2438 de
467 2401 571 2451 cujus
590 2403 770 2451 sanguine
788 2408 898 2441 natus

65 2452 230 2500 cred0r;
259 2458 298 2492 et
315 2459 358 2493 ut
377 2455 516 2501 credar,
536 2456 692 2506 pignora
711 2462 811 2496 certa
828 2457 925 2495 dabo
941 2470 949 2494 :
