1414 2666
153 157 201 196 12
613 173 806 201 Anxmnos
823 173 849 201 1.

149 267 319 308 Crudelis
338 283 429 315 aras,
451 271 676 320 trajectaque
695 277 845 320 pectora
862 270 969 314 ferro,

153 321 321 362 Nudavit
336 338 344 368 3
374 337 595 374 caecumque
612 325 743 361 domus
761 325 879 362 scelus
897 334 1006 360 omne
1022 321 1171 360 retexit.
1230 321 1309 360 360

155 375 249 413 Tum
271 378 429 415 celerare
447 378 571 427 fugam
590 379 781 427 patriaque
800 378 977 415 excedere
994 375 1136 422 suadet,

152 430 418 481 Auxiliumque
438 432 516 468 viae
534 439 676 469 veteres
694 432 825 469 tellure
840 431 999 468 recludit
1016 447 1022 461 ι

154 484 373 530 Thesauros,
395 486 563 534 ignotum
585 485 728 534 argenti
746 485 890 534 pondus
909 489 947 523 et
963 483 1057 521 auri.

151 536 224 575 His
243 547 436 584 commota,
456 540 582 588 fugam
601 539 702 576 Dido
720 540 906 587 sociosque
923 538 1087 588 parabat.

152 591 404 637 Conveniunt,
424 594 556 642 quibus
575 599 640 630 aut
657 593 780 630 odium
799 592 947 629 crudele
964 591 1127 641 tyranni,
1234 588 1312 628 365

150 645 232 683 Aut
250 653 369 684 metus
387 660 469 683 acer
488 654 567 684 erat
583 661 591 684 :
621 647 734 690 navis,
754 659 848 696 quae
865 647 960 684 forte
977 650 1139 694 paratae,

154 698 382 749 Corripiunt,
402 711 629 749 onerantque
648 713 750 737 auro.
807 700 1010 737 Portantur
1027 698 1128 736 avari

151 751 406 802 Pygmalionis
425 767 511 803 opes
530 755 662 803 pelago
678 767 687 791 z
716 754 795 790 dux
811 754 947 790 femina
964 752 1067 790 facti.

153 805 349 845 Devenere
366 809 476 852 locos,
497 809 560 844 ubi
578 820 680 844 nunc
697 807 864 856 ingentia
882 818 1010 844 cernes

150 860 313 905 Moenia,
332 868 621 910 surgentemque
639 874 756 899 novae
778 860 1013 908 Carthaginis
1032 871 1178 903 arcem3
1233 857 1311 897 370

153 913 382 964 Mercatique
401 915 530 960 solum,
552 916 637 952 facti
657 915 703 952 de
721 914 868 951 nomine
884 913 1052 963 Byrsam,

153 966 320 1006 Taurino
339 977 517 1017 quantum
538 976 686 1018 possent
701 968 928 1005 circumdare
946 973 1067 1015 tergo.

152 1020 228 1059 Sed
241 1034 306 1059 vos
325 1023 388 1072 qui
407 1023 568 1066 tandem,
588 1023 720 1072 quibus
739 1028 803 1059 aut
821 1021 972 1058 venistis
985 1021 1032 1058 ab
1049 1019 1123 1058 oris
1141 1018 1161 1057 P

154 1075 288 1120 Quove
305 1077 441 1114 tenetis
458 1077 528 1113 iter
547 1076 566 1114 Ρ
597 1076 800 1121 Quaerenti
819 1075 956 1112 talibus
973 1074 1047 1119 ille,

154 1129 360 1179 Suspirans,
381 1130 528 1179 imoque
543 1130 691 1167 trahens
710 1142 731 1166 a
749 1135 897 1178 pectore
914 1140 1039 1165 vocem
1054 1139 1063 1165 ε
1233 1126 1310 1165 375

204 1183 240 1221 Ο
260 1183 366 1222 Dea!
396 1185 426 1220 si
445 1184 561 1233 prima
580 1192 750 1233 repetens
768 1183 815 1219 ob
834 1181 976 1231 origine
994 1192 1156 1231 pergam,

155 1236 205 1275 Et
224 1243 329 1276 vacet
349 1239 490 1275 annalis
509 1245 718 1275 nostrorum
738 1237 866 1274 audire
884 1236 1077 1280 laborum;

153 1291 256 1329 Ante
274 1291 370 1328 diem
391 1292 515 1328 clauso
534 1296 732 1341 componet
749 1303 878 1340 vesper
898 1289 1073 1338 Olympo.

155 1344 234 1382 Nos
255 1344 367 1394 Troja
387 1346 550 1394 antiqua,
572 1347 600 1382 si
621 1352 761 1383 vestras
779 1345 875 1381 forte
891 1355 957 1393 per
973 1342 1072 1380 auris

149 1397 283 1448 Trojae
300 1411 434 1436 nomen
452 1400 506 1444 iit,
527 1399 671 1436 diversa
691 1411 756 1448 per
774 1409 933 1446 aequora
951 1404 1088 1442 vectos,
1234 1392 1312 1431 380

153 1451 266 1491 Forte
282 1466 348 1490 sua
368 1453 517 1502 Libycis
535 1459 734 1502 tempestas
752 1451 895 1501 appulit
913 1450 1001 1488 oris.

154 1505 243 1543 Sum
262 1506 345 1556 pius
360 1507 517 1552 Aeneas,
538 1514 663 1555 raptos
679 1507 742 1556 qui
761 1519 807 1543 ex
826 1505 932 1542 hoste
953 1503 1113 1542 Penates

154 1559 281 1597 Classe
297 1560 389 1598 veho
409 1573 562 1604 mecum,
585 1560 680 1597 fama
699 1572 807 1609 super
826 1559 976 1596 aethera
992 1563 1115 1596 notus.

153 1613 169 1650 I
174 1614 299 1651 taliam
318 1627 454 1663 quaero
474 1614 643 1663 patriam,
663 1627 782 1663 genus
800 1613 847 1650 ab
863 1611 960 1649 Jove
978 1622 1132 1649 summo.

155 1667 220 1705 Bis
240 1667 346 1705 denis
367 1668 571 1718 Phrygium
591 1667 788 1704 conscendi
807 1667 962 1704 navibus
980 1676 1129 1714 aequor,
1235 1659 1313 1701 385

153 1720 277 1759 Matre
296 1721 365 1758 dea
384 1728 613 1760 monstrante
631 1722 739 1766 viam,
755 1721 843 1758 data
861 1720 937 1757 fata
953 1726 1101 1756 secutus
1120 1731 1130 1756 ε

157 1774 231 1812 vix
249 1781 401 1825 septem,
423 1776 617 1812 convolsae
636 1776 745 1812 undis
766 1774 951 1822 Euroque,
972 1776 1181 1822 supersunt.

155 1828 239 1877 Ipse
258 1829 420 1878 ignotus,
441 1842 565 1877 egens,
586 1828 729 1878 Libyae
748 1829 894 1865 deserta
913 1837 1078 1876 peragro,

160 1882 312 1932 Europa
331 1889 442 1931 atque
461 1883 551 1919 Asia
565 1883 703 1932 pulsus.
758 1882 838 1918 Nec
856 1882 964 1930 plura
981 1884 1197 1929 querentem

155 1936 268 1973 Passa
287 1936 415 1973 Venus
436 1937 556 1973 medio
576 1936 627 1973 sic
641 1936 816 1974 interfata
834 1934 962 1972 dolore
980 1941 1060 1971 est:
1234 1932 1314 1972 390

206 1989 383 2039 Quisquis
403 2003 452 2035 es,
472 1990 583 2035 haud,
605 1990 726 2035 credo,
746 1989 885 2026 invisus
903 1986 1121 2025 coelestibus
1139 1998 1246 2024 auras

154 2043 299 2082 Vitales
317 2044 446 2093 carpis,
469 2044 620 2093 'syriam
639 2044 702 2092 qui
721 2042 914 2080 adveneris
931 2042 1075 2078 urbem.

157 2098 276 2147 Perge
294 2098 418 2142 modo,
439 2103 551 2146 atque
569 2098 655 2134 hinc
673 2105 711 2135 te
729 2096 880 2145 reginae
894 2095 941 2132 ad
960 2094 1085 2131 limina
1103 2093 1236 2144 perfer.

156 2152 328 2200 Namque
346 2151 412 2189 tibi
431 2152 586 2188 reduces
603 2151 730 2196 socios,
751 2151 975 2198 classemque
991 2148 1156 2194 relatam,

156 2204 314 2250 Nuntio,
333 2212 370 2242 et
389 2205 426 2241 in
447 2212 570 2243 tutum
589 2205 701 2242 versis
721 2203 954 2254 aquilonibus
968 2207 1111 2247 aetam
1235 2200 1312 2239 395

159 2259 210 2296 Ni
228 2259 365 2295 frustra
385 2259 579 2307 augurium
600 2259 684 2295 vani
704 2258 863 2296 docuere
879 2261 1065 2307 parentes.

158 2312 321 2361 Adspice
337 2312 394 2349 bis
413 2325 519 2350 senos
538 2312 710 2350 laetantis
729 2312 874 2361 agmine
892 2321 1039 2360 cycnos,

159 2365 338 2404 Aetheria
356 2378 448 2415 quos
466 2367 568 2417 lapsa
586 2366 697 2416 plaga
714 2366 738 2404 J
743 2365 820 2403 ovis
835 2364 910 2402 ales
927 2368 1056 2413 aperto

159 2419 352 2457 Turbabat
368 2420 472 2457 coelo
487 2433 496 2458 z
525 2433 626 2458 nunc
644 2426 762 2458 terras
776 2418 906 2457 ordine
923 2417 1044 2467 longo-
