1475 2712
118 519 177 578 P.
254 517 706 578 VIRGILII
777 518 1218 578 MARONIS

388 688 938 748 GEORGICA.

253 1035 408 1073 LIBRI
438 1034 603 1072 PRIMI
633 1033 1004 1073 ARGUMENTL'
1012 1035 1066 1072 M.

121 1138 143 1155 “
165 1133 366 1182 Georyica,
386 1145 452 1169 seu
481 1133 527 1168 cle
555 1145 596 1168 re
624 1132 766 1168 rustica
792 1137 1000 1181 prcecepta,
1031 1133 1259 1178 arationem,

65 1187 258 1232 arborum,
287 1187 423 1226 vitium
450 1185 640 1234 imprimis
668 1191 705 1221 et
730 1184 913 1229 olearum,
944 1184 1150 1231 culturam,
1168 1198 1261 1236 pas-2

64 1241 204 1277 tionem
232 1246 269 1276 et
292 1239 536 1288 mellificium‚
558 1252 577 1275 e
596 1238 866 1275 Romanorum
894 1238 1046 1274 notione
1073 1240 1259 1289 complec-

65 1299 213 1331 tuntur.
275 1293 458 1330 Ordinem
485 1292 732 1328 dicendorum
761 1291 867 1327 ducit
885 1291 1101 1340 propositio
1129 1299 1167 1328 et
1191 1306 1258 1329 arn

60 1353 282 1395 ⁴qumentum
300 1347 425 1396 operis
444 1345 498 1395 (v.
524 1344 659 1393 1—5).
714 1344 813 1381 Inde
832 1343 1026 1380 invocatio
1054 1345 1260 1383 numinum

64 1401 272 1448 ayrestium
300 1411 385 1436 cum
414 1400 496 1448 ipso
531 1397 681 1435 C'cesare
709 1400 886 1445 Auyusto
914 1396 1095 1447 (5—42).
1162 1398 1260 1436 Tum

63 1454 109 1490 de
136 1453 269 1503 prima
301 1454 426 1502 operis
458 1452 592 1488 rustici
617 1457 745 1500 parte,
779 1463 866 1500 quse
900 1456 955 1486 est
989 1451 1036 1486 de
1072 1453 1257 1497 aratione,

63 1507 241 1556 exponit:
269 1519 316 1542 ae
328 1506 502 1555 primum
522 1505 684 1553 quidem,
705 1504 863 1553 quando
876 1503 949 1540 itta
970 1504 1189 1553 incipienda
1209 1507 1262 1542 sit

63 1558 276 1608 (43—49).
331 1558 435 1594 Ante
453 1558 583 1594 omnia
604 1557 688 1594 eaelz‘
713 1557 860 1606 solique
887 1562 1035 1593 natura
1054 1563 1108 1593 est
1126 1556 1260 1607 emplo-

63 1613 190 1649 randa
211 1612 420 1662 (50—63)‚
450 1611 552 1647 unde
579 1610 677 1658 Zeyes
708 1611 872 1647 cultura>
896 1611 1056 1647 diversoe
1075 1611 1258 1660 proficis

62 1672 216 1711 cuntur,
237 1665 423 1715 imprimis
443 1664 633 1700 arationis
652 1663 850 1712 (64—99)
873 1669 910 1699 et
926 1665 1086 1700 sationis
1105 1665 1259 1713 (loo-

69 1718 176 1769 117).
231 1719 358 1762 Quum
374 1719 412 1753 in
426 1716 485 1754 his
499 1716 661 1753 multum
677 1714 821 1753 laboris
835 1722 872 1752 et
884 1727 1067 1753 oerumnoe
1085 1716 1256 1755 toleran

61 1773 152 1809 dum
170 1773 229 1817 sit,
250 1771 470 1820 diqreditur
489 1770 543 1806 ad
559 1781 701 1806 causas
720 1769 834 1819 hujus
854 1770 911 1805 rei
929 1769 1116 1817 mythicas
1129 1771 1217 1808 inde
1231 1784 1258 1808 a

67 1826 234 1862 Saturni
251 1830 362 1861 oetate
383 1822 440 1874 [et
457 1823 621 1873 erponit,
643 1821 828 1871 quomodo
854 1823 1132 1871 impedimentis
1150 1826 1258 1872 ayri-

60 1878 222 1915 oulturae
234 1884 326 1928 post
342 1888 502 1913 auream
521 1875 629 1912 illam
649 1881 793 1912 aetatem
813 1875 952 1912 obortis
976 1878 1257 1914 occurrendum

60 1930 144 1982 sia]
174 1929 437 1981 (118—159).
494 1928 589 1965 Inde
607 1929 652 1965 de
671 1930 922 1965 instrumento
941 1930 1083 1966 rustico
1103 1930 1257 1979 (160—

65 1984 158 2034 175)
171 2000 186 2028 ‚·
214 1989 294 2021 tum
312 1984 358 2021 de
376 1983 465 2020 aliis
483 1983 538 2019 ad
549 1995 644 2032 opus
665 1983 849 2019 rusticum
863 1982 1097 2029 faciendum
1111 1996 1256 2020 curan·

61 2039 129 2083 dis,
150 2037 193 2074 in
212 2036 269 2074 liis
295 2038 342 2074 de
370 2049 466 2073 area
494 2036 545 2072 ad
571 2036 729 2072 terendo¹
746 2048 878 2084 yrana
896 2036 1083 2085 paranda
1103 2036 1257 2086 (176—

66 2092 158 2141 186)
173 2106 187 2134 ;
206 2091 401 2142 judicium
428 2089 634 2138 defuturo
661 2090 758 2125 anni
783 2095 975 2138 proventu
994 2090 1096 2125 unde
1114 2089 1258 2138 faeere

62 2144 175 2181 liceat
193 2143 442 2195 (187—192)
458 2158 472 2184 ;
499 2144 546 2179 de
565 2142 704 2178 semine
732 2142 957 2178 medicando
977 2142 1229 2193 (193—196)
1243 2159 1257 2187 ,0

61 2199 108 2234 de
131 2198 316 2234 seminum
348 2195 492 2233 delectu
517 2195 707 2244 faciendo
733 2194 997 2243 (197-203).
1071 2194 1257 2244 Sequitur

63 2252 166 2288 locus
178 2251 224 2287 de
242 2248 471 2299 temporibus
486 2260 644 2298 operum
659 2249 890 2284 rusticorum
902 2248 1040 2284 diserte
1053 2254 1255 2287 tractatus.

72 2303 234 2354 Tempus
252 2303 413 2340 sationis
432 2299 693 2353 (204—230).
750 2300 949 2349 Diyressio
969 2299 1013 2337 de
1030 2300 1120 2338 solis
1138 2315 1256 2339 cursu

64 2369 191 2394 annuo
210 2362 246 2393 et
262 2361 431 2406 quatuor
443 2367 539 2391 anni
534 2354 830 2404 'tempestatibus
848 2354 1112 2404 (231—256)
1159 2354 1256 2398 Quae

63 2410 242 2447 curanda
261 2410 338 2446 sint
356 2414 521 2458 tempore
532 2407 670 2458 pluvio
690 2405 969 2457 (257—267),·
998 2407 1257 2454 diebusfestis

64 2462 325 2512 (268—275).
385 2461 545 2498 Dierum
566 2460 778 2507 lunarium,
798 2472 866 2510 qui
860 2460 1007 2509 fausti
1019 2460 1080 2498 vel
1091 2462 1258 2507 infausti
