1475 2712
69 201 132 253 11.]
594 212 714 239 FAs'r1.
1184 199 1233 235 45

125 309 255 348 Edidit
272 310 474 358 impavidos
489 322 549 348 ore
566 309 731 347 minante
749 321 858 346 sonos
873 322 882 346 z
1157 305 1233 342 840

74 361 146 399 Per
160 363 228 401 tibi
243 375 312 413 ego
330 363 430 401 hunc
441 364 529 413 juro
547 364 680 401 fortem
698 368 912 410 castumque
930 372 1108 405 eruorem,

126 415 272 466 Perque
291 422 371 454 tuos
390 430 525 463 manes,
546 417 610 466 qui
624 417 713 453 mihi
726 429 862 453 numen
882 421 991 453 erunt
1012 428 1021 458 ;

75 469 318 518 Tarquinium
337 483 461 520 poenas
479 471 637 520 profuga
654 483 738 507 eum
756 470 871 519 stirpe
889 470 1072 506 daturum.

124 522 209 560 Jam
227 524 315 561 satis
333 530 388 562 est
407 524 522 562 virtus
541 524 770 561 dissimulata
787 523 867 560 diu.

72 576 140 613 Illa
153 577 280 626 jacens
299 578 346 614 ad
365 578 476 614 verba
488 578 614 615 oeulos
634 577 712 614 sine
728 577 868 614 lumine
885 576 1000 614 movit
1016 589 1024 619 ;
1158 572 1232 610 845

127 630 287 678 Visaque
305 644 481 669 concussa
499 632 599 668 dieta
610 631 766 680 probare
785 642 902 667 coma.

75 683 207 721 Fertur
225 684 263 721 in
277 685 464 734 exsequias
482 685 595 722 animi
614 691 782 722 matrona
797 683 923 728 virilis,

127 737 175 774 Et
195 751 317 775 seeum
337 739 515 788 lacrymas
533 739 783 786 invidiamque
801 737 927 775 trahit.

72 790 218 827 Vulnus
238 792 346 829 inane
365 798 478 841 patet.
535 792 675 829 Brutus
694 793 852 828 elamore
868 791 1034 836 Quirites

125 844 309 890 Concitat,
331 852 369 883 et
387 846 485 894 regis
499 846 596 884 faeta
611 845 770 882 nefanda
788 844 914 882 refert.
1160 840 1236 877 850

74 897 295 946 Tarquinius
314 912 397 936 eum
416 900 518 948 prole
536 899 647 948 fugit.
703 899 813 948 Capit
832 910 956 935 annua
974 895 1103 935 consul

125 951 231 989 Jum.
289 952 380 990 Dies
398 953 522 1002 regnis
541 953 604 989 illa
624 965 794 1002 suprema
812 952 896 990 fuit.

74 1056 251 1094 Fallimur
264 1057 283 1094 P
312 1071 358 1094 an
379 1059 473 1095 veris
493 1058 700 1107 praenuntia
719 1054 820 1095 venit
838 1056 1010 1100 hirundo,

126 1109 176 1148 Et
196 1112 340 1156 metuit,
362 1124 409 1148 ne
429 1125 502 1161 qua
521 1125 624 1149 versa
644 1118 809 1149 recurrat
828 1111 944 1147 hiems
963 1109 982 1147 ¹?

74 1163 180 1212 Saepe
198 1170 334 1209 tamen,
356 1164 509 1210 Procne,
528 1166 681 1202 nimium
701 1177 916 1214 properasse
935 1162 1111 1212 quereris,
1160 1159 1235 1196 855

125 1217 264 1266 Virque
283 1225 348 1255 tuo
370 1218 508 1255 Tereus
527 1219 664 1267 frigore
684 1219 793 1256 laetus
812 1219 893 1256 erit.

71 1322 227 1370 Jamque
246 1322 330 1360 duae
349 1330 491 1361 restant
510 1328 637 1360 noctes
656 1323 703 1360 de
722 1336 846 1360 mense
865 1322 1040 1365 secundo,

125 1376 297 1425 Marsque
316 1377 407 1414 citos
421 1377 561 1425 junctis
580 1378 749 1414 curribus
770 1382 879 1426 urget
897 1389 1010 1426 equos
1029 1388 1037 1412 :

73 1428 132 1465 Ex
151 1441 236 1466 vero
255 1431 414 1479 positum
436 1431 636 1479 permansit
656 1430 809 1479 Equiria
828 1443 975 1476 nomen,

124 1482 217 1528 Quae
238 1483 329 1520 deus
347 1484 386 1520 in
407 1484 549 1533 Campo
569 1484 745 1533 prospicit
763 1484 842 1533 ipse
862 1497 940 1521 suo.
1160 1483 1237 1521 860

70 1535 164 1573 Jure
183 1537 296 1581 venis,
320 1537 483 1574 Gradive
503 1551 512 1581 ;
541 1537 663 1574 locum
682 1544 747 1575 tua
766 1544 934 1586 tempora
952 1542 1111 1587 poscunt
1131 1550 1139 1581 ;

124 1589 374 1640 signatusque
393 1597 459 1628 tuo
478 1592 629 1628 nomine
647 1591 782 1628 mensis
799 1592 919 1628 adest.

70 1642 248 1681 Venimus
266 1644 303 1680 in
326 1654 483 1693 portum,
505 1645 599 1682 libro
619 1657 701 1682 cum
721 1657 846 1682 mense
864 1650 1025 1694 peracto.

122 1697 284 1745 Naviget
304 1698 389 1735 hinc
409 1699 478 1735 alia
492 1698 571 1747 jam
590 1699 679 1735 mihi
697 1699 810 1737 linter
829 1712 936 1748 aqua.
