1414 2666
629 174 841 204 CARMINUM
868 173 894 202 1.

280 271 615 322 Nympharumque
633 272 733 310 leves
752 284 838 308 cum
858 269 994 320 Satyris
1013 268 1116 308 chori

284 326 486 363 Secernunt
505 326 663 374 populo:
691 326 720 364 si
739 337 859 375 neque
873 325 979 362 tibias

282 378 445 428 Euterpe
461 379 617 426 cohibet,
636 391 706 417 nec
726 378 971 428 Polyhymnia

281 432 466 470 Lesboum
484 432 612 482 refugit
629 433 776 471 tendere
795 432 977 470 barbiton.

282 485 393 532 Quod
411 487 439 523 si
460 498 520 523 me
535 486 675 536 Lyricis
693 487 836 524 vatibus
854 485 992 532 inseris,

280 539 433 577 Sublimi
452 539 580 577 seriam
598 540 714 578 sidera
732 540 882 577 vertice.

392 629 480 668 Onss
510 628 683 669 1L-—Ad
698 631 907 682 Auyustum
930 628 1136 669 Caesarem.

280 709 368 749 JAM
387 710 472 746 satis
491 709 590 746 terris
611 710 703 746 nivis
723 716 833 760 atque
853 709 952 746 dirae

283 762 478 800 Grandiuis
497 764 591 800 misit
610 763 717 800 Pater
737 775 746 810 3
774 770 822 809 et,
842 763 994 800 rubente

282 816 446 854 Dextera
465 828 588 853 sacras
604 816 791 864 jaculatus
810 827 928 863 arces,

488 868 631 906 Terruit
652 870 791 915 urbem,

280 922 421 960 Terruit
439 930 573 970 gentes,
595 935 703 971 grave
723 935 770 959 ne
789 923 918 960 rediret

282 976 480 1013 Saeculum
501 976 675 1026 Pyrrhae,
698 989 795 1013 nova
815 982 974 1014 monstra
992 984 1140 1026 questae
1155 989 1166 1024 3

283 1030 405 1068 Omne
425 1042 508 1066 cum
532 1031 684 1067 Proteus
703 1042 819 1080 pecus
837 1031 907 1079 egit
925 1031 1017 1068 altos

497 1084 624 1121 Visere
644 1091 798 1129 montes,

285 1138 445 1175 Piscium
465 1146 500 1175 et
518 1150 663 1175 summa
684 1150 797 1187 genus
816 1136 933 1174 haesit
952 1138 1065 1185 ulmo,

283 1192 380 1229 Nota
402 1204 496 1240 quae
516 1191 620 1229 sedes
639 1192 756 1228 fuerat
775 1191 978 1239 columbis3

282 1245 333 1282 Et
351 1244 558 1295 superjecto
578 1245 733 1294 pavidae
753 1251 923 1281 natarunt

496 1300 669 1348 Aequore
688 1298 833 1335 damae.

283 1352 454 1389 Vidimus
474 1352 615 1390 flavum
634 1352 809 1399 Tiberim,
829 1353 967 1390 retortis

284 1406 421 1443 Littore
441 1405 597 1443 Etrusco
616 1406 789 1443 violenter
808 1405 928 1451 undis,

283 1459 339 1496 Ire
358 1458 544 1507 dejectum
565 1464 806 1496 monumenta
823 1460 927 1507 regis,

495 1512 724 1562 Tempiaque
740 1512 876 1549 Vestae
895 1525 905 1559 ;

283 1565 371 1603 lliae
392 1567 480 1604 dum
502 1579 541 1603 se
561 1568 718 1604 nimium
739 1567 903 1616 querenti

282 1620 405 1658 Jactat
424 1621 589 1665 ultorem,
612 1633 725 1669 vagus
744 1626 780 1657 et
799 1620 940 1657 sinistra

285 1674 436 1712 Labitur
455 1675 544 1724 ripa,
562 1674 656 1713 Jove
676 1687 747 1712 non
769 1674 957 1723 probante,
979 1685 1020 1709 u-

496 1729 620 1766 xorius
638 1729 771 1765 amnis.

283 1782 421 1819 Audiet
440 1782 540 1818 cives
560 1782 702 1819 acuisse
722 1781 870 1826 serrum,

285 1837 372 1881 Quo
391 1847 517 1884 graves
538 1835 670 1872 Persae
691 1835 820 1872 melius
840 1835 996 1883 perirent
1016 1848 1026 1882 ;

279 1890 417 1927 Audiet
436 1902 588 1938 pugnas,
608 1889 694 1926 vitio
714 1893 905 1938 parentum

496 1942 603 1986 Rara,
619 1941 807 1990 juventus.

284 1997 408 2042 Quem
432 2005 537 2033 vocet
556 1996 683 2032 divum
704 1995 860 2045 populus
878 1996 1013 2032 ruentis

285 2049 421 2099 Imperi
441 2050 579 2087 rebus?
608 2061 718 2099 prece
737 2061 808 2099 qua
829 2047 977 2096 fatigent

284 2104 450 2152 Virgines
467 2109 614 2141 sanetae
635 2103 757 2140 minus
776 2101 987 2139 audientem

496 2157 671 2194 Carmina
691 2156 844 2194 Vestam
863 2156 878 2193 ’ἒ

286 2211 357 2248 Cui
374 2211 473 2247 dabit
492 2217 613 2259 partes
629 2211 750 2247 scelus
767 2208 940 2258 expiandi

279 2265 448 2313 Jupiter?
478 2263 646 2301 Tandem
666 2265 805 2309 venias,
826 2274 1031 2312 precamur,

286 2317 397 2355 Nube
416 2317 615 2355 candentes
635 2317 806 2355 humeros
825 2316 993 2364 amictus,

494 2370 625 2420 Augur
649 2372 808 2421 Apollo:

287 2424 371 2460 Sive
390 2430 429 2460 tu
449 2425 579 2472 mavis,
599 2425 759 2474 Erycina
778 2422 910 2470 ridens,

1343 923 1366 958 22!

1322 1192 1367 1227 10

1319 1458 1365 1495 15

1316 2264 1366 2300 30
