1414 2666
187 194 237 231 40
584 207 622 233 P.
651 206 776 234 ov1D11
802 207 964 236 NAsoms
1259 199 1352 251 [ΜΒ.

188 301 249 346 Et,
273 302 376 340 Bene
391 315 470 348 nos,
491 303 633 353 patriae,
654 305 750 343 bene
767 311 818 351 te,
837 310 954 355 pater,
975 305 1114 356 optime
1134 305 1270 354 Caesar,

241 355 381 408 Dicite,
402 357 540 395 suffuso
558 370 624 408 per
642 371 744 397 sacra
762 360 875 397 verba
893 371 1007 398 mero.

186 459 274 496 Nox
292 460 357 497 ubi
375 460 574 507 transierit,
595 461 704 499 solito
723 462 931 500 celebretur
948 462 1102 510 honore,

238 513 393 563 Separat
411 514 549 552 indicio
567 515 631 564 qui
650 515 741 553 deus
760 529 848 554 arva
866 529 945 554 suo.
1277 517 1355 556 640

186 567 373 613 Termine,
391 568 468 606 sive
487 569 591 618 lapis,
612 569 688 606 sive
707 582 746 607 es
765 570 933 607 defossus
951 570 992 607 in
1010 582 1102 619 agro

238 621 359 671 Stipes
374 622 421 659 ab
440 622 612 672 antiquis,
633 623 686 660 sic
704 635 851 673 quoque
869 636 1008 661 numen
1025 624 1154 662 habes.

185 674 239 712 Te
258 676 332 712 duo
352 675 497 714 diversa
515 677 656 713 domini
675 690 741 727 pro
760 684 866 727 parte
884 683 1090 723 coronant3

237 728 405 777 Binaque
424 736 521 768 serta
539 730 619 776 tibi,
639 731 801 780 binaque
818 731 894 768 liba
910 731 1048 769 ferunt.

183 783 261 820 Ara
279 784 343 821 fit:
365 784 438 821 hue
455 784 580 833 ignem
600 791 707 822 curto
726 784 799 822 fert
814 784 953 822 rustica
971 790 1072 824 testu
1279 787 1355 824 645

236 837 408 875 Sumtum
428 838 475 874 de
493 837 628 886 tepidis
647 838 726 887 ipsa
744 838 878 876 colona
894 838 999 876 focis.

185 890 307 939 Ligna
327 904 441 928 senex
460 892 606 936 minuit,
628 891 850 942 concisaque
869 892 1053 931 construit
1071 892 1146 932 alte
1162 907 1170 931 ε

237 944 287 982 Et
306 945 426 982 solida
443 958 565 983 ramos
582 946 697 994 figere
715 950 862 995 pugnat
885 945 1014 984 humo.

184 998 286 1035 Dum
307 999 403 1037 sicco
422 1000 558 1049 primas
577 999 700 1038 irritat
719 1000 858 1038 cortice
875 1000 1052 1046 flammas,

238 1052 321 1091 Stat
340 1066 443 1102 puer,
464 1061 502 1091 et
521 1053 690 1090 manibus
709 1053 788 1092 lata
803 1054 965 1092 canistra
982 1057 1101 1092 tenet.
1280 1055 1356 1094 650

187 1106 290 1152 Inde,
312 1107 375 1144 ubi
396 1114 452 1145 ter
471 1107 597 1156 fruges
616 1108 758 1145 medios
776 1107 928 1146 immisit
946 1108 986 1145 in
1003 1108 1120 1157 ignes,

238 1160 403 1210 Porrigit
421 1161 556 1198 incisos
574 1161 650 1198 filia
668 1174 782 1211 parva
799 1161 916 1199 favos.

186 1214 283 1251 Vina
302 1220 434 1253 tenent
451 1215 512 1252 alii
533 1229 541 1253 :
571 1215 737 1253 libantur
756 1215 903 1264 singula
920 1215 1088 1253 flammis.

238 1269 427 1317 Spectant,
448 1274 486 1307 et
504 1269 641 1318 linguis
661 1269 820 1306 candida
837 1270 948 1307 turba
965 1269 1104 1307 favent.

183 1322 380 1371 Spargitur
399 1328 436 1360 et
454 1334 549 1360 caesa
568 1323 773 1360 communis
793 1323 990 1360 Terminus
1009 1335 1102 1371 agna
1121 1336 1130 1368 3
1277 1325 1354 1362 ⁴555

236 1375 316 1414 Nec
336 1377 513 1424 queritur,
534 1377 675 1414 lactens
689 1389 773 1414 cum
792 1376 861 1413 sibi
875 1389 989 1421 porca
1007 1376 1131 1414 datur.

191 1430 442 1475 Conveniunt,
463 1430 727 1478 celebrantque
746 1429 859 1479 dapes
878 1429 1012 1467 vicinia
1030 1429 1197 1479 simplex,

237 1483 285 1521 Et
306 1489 460 1521 cantant
478 1483 619 1529 laudes,
641 1483 815 1520 Termine
834 1489 973 1528 sancte,
992 1488 1089 1522 tuas.

186 1537 245 1574 Tu
263 1537 432 1587 populos,
451 1538 646 1586 urbesque,
667 1542 704 1575 et
721 1549 839 1586 regna
851 1537 1014 1585 ingentia
1031 1537 1114 1574 finis
1133 1549 1143 1574 t

239 1590 370 1628 Omnis
390 1591 461 1629 erit
479 1592 558 1628 sine
576 1597 615 1629 te
634 1591 820 1639 litigiosus
837 1603 940 1640 ager.
1275 1590 1354 1629 66⁴)

182 1645 297 1682 Nulla
315 1645 384 1683 tibi
403 1646 556 1683 ambitio
575 1651 631 1682 est
651 1658 659 1682 :
689 1645 795 1682 nullo
814 1644 1061 1694 corrumperis
1079 1656 1181 1682 auro.

237 1699 423 1748 Legitima
443 1712 567 1736 servas
584 1699 727 1736 credita
745 1711 833 1736 rura
850 1698 939 1736 fide.

184 1754 221 1789 Si
242 1760 283 1790 tu
298 1753 481 1803 signasses
499 1753 587 1790 olim
608 1753 838 1802 Thyreatida
853 1757 1003 1798 terram,

236 1807 402 1857 Corpora
419 1819 495 1844 non
513 1807 590 1845 leto
608 1807 717 1843 missa
734 1811 902 1844 trecenta
913 1806 1061 1844 forent:

184 1860 264 1897 Nec
282 1861 377 1898 foret
399 1861 612 1910 Othryades
632 1860 818 1909 congestis
837 1860 956 1898 lectus
973 1859 1014 1897 in
1032 1858 1154 1896 armis.
1277 1858 1353 1897 665

237 1914 271 1951 O
292 1920 473 1964 quantum
491 1914 621 1964 patriae
637 1913 828 1962 sanguinis
847 1913 910 1951 ille
928 1913 1034 1951 dedit
1049 1913 1059 1950 l

185 1969 297 2013 Quid,
319 1981 414 2005 nova
433 1981 516 2005 cum
535 1968 667 2005 fierent
689 1967 873 2016 Capitolia
891 1967 911 2004 P
938 1979 1071 2016 nempe
1089 1966 1242 2004 deorum

236 2022 382 2060 Cuncta
400 2022 424 2059 J
428 2021 488 2058 ovi
507 2022 616 2059 cessit
634 2022 756 2066 turba,
778 2021 977 2070 locumque
996 2020 1115 2058 dedit.

185 2076 393 2121 Terminus,
414 2082 457 2113 ut
474 2082 616 2113 veteres
635 2083 853 2121 memorant,
873 2075 1048 2112 inventus
1061 2074 1102 2111 in
1121 2074 1203 2122 aede

237 2130 393 2168 Restitit
409 2143 417 2167 ι
453 2134 490 2167 et
509 2141 646 2178 magno
666 2141 749 2166 cum
767 2129 864 2166 Jove
881 2128 1020 2178 templa
1037 2133 1156 2167 tenet.
1274 2126 1351 2167 670

184 2184 220 2220 N
224 2197 295 2222 unc
314 2195 472 2234 quoque,
494 2196 532 2220 se
549 2196 659 2232 supra
677 2195 725 2220 ne
743 2182 833 2232 quid
851 2182 922 2226 nisi
940 2181 1061 2220 sidera
1078 2187 1216 2229 cernat,

236 2237 425 2287 Exiguum
443 2237 571 2286 templi
592 2242 690 2275 tecta
706 2236 873 2273 foramen
890 2235 1044 2274 habent.

186 2292 371 2337 Termine,
391 2296 475 2341 post
493 2291 585 2327 illud
602 2290 732 2328 levitas
752 2290 819 2328 tibi
838 2290 953 2327 libera
971 2301 1048 2326 non
1065 2293 1122 2328 est
1140 2302 1149 2327 τ

237 2346 324 2391 Qua
342 2345 484 2394 positus
502 2345 615 2381 fueris
634 2345 671 2381 in
691 2343 863 2389 statione,
883 2355 1006 2381 mane.

185 2399 265 2436 Nec
282 2405 325 2438 tu
344 2399 466 2436 vicino
484 2398 679 2446 quicquam
698 2398 860 2435 concede
877 2395 1026 2447 roganti
1045 2409 1055 2441 ;
1270 2393 1348 2434 675

235 2453 296 2491 Ne
310 2452 458 2490 videare
476 2451 663 2490 hominem
682 2450 925 2502 praeposuisse
942 2449 1045 2488 Jovi.
