1475 2712
510 187 721 216 CARMINUM
748 188 806 215 111.

164 284 343 334 Sparsum
362 284 526 323 odoratis
545 285 743 322 humerum
763 283 930 333 capillis;

167 338 299 384 Qualis
317 342 382 376 aut
402 337 539 376 Nireus
556 337 642 381 fuit,
662 343 728 375 aut
748 349 887 388 aquosa

373 391 522 441 Raptus
542 391 591 429 ab
613 390 697 428 Ida.

350 508 439 546 ODE
459 507 688 559 XXL—-Ad
704 508 955 561 Amphoram.

165 612 200 650 Ο
219 623 319 651 NATA
337 625 482 650 mecum
502 613 656 650 consule
671 613 827 658 Manlio,

162 666 236 704 Seu
256 672 298 705 tu
320 666 500 717 querelas,
522 667 600 704 sive
618 667 718 715 geris
731 666 850 715 jocos,

218 720 293 758 Seu
311 721 431 758 rixam
450 725 489 758 et
506 720 658 758 insanos
678 732 833 765 amores,

267 773 342 811 Seu
359 773 517 819 facilem,
537 774 600 823 pia
621 773 747 820 Testa,
769 785 965 811 somnum·
957 801 965 816 ‚

161 826 400 877 Quocunque
417 827 557 865 lectum
576 827 727 865 nomine
747 826 948 864 Massicum

161 879 307 926 Servas,
326 881 469 918 moveri
488 875 605 930 digna
622 881 723 918 bono
752 881 838 918 die:

213 933 423 980 Descende,
446 933 611 972 Corvino
622 934 783 984 jubente

262 986 440 1026 Promere
457 987 698 1037 languidiora
716 988 817 1025 vina.

160 1040 250 1077 Non
268 1040 341 1086 ille,
363 1054 588 1091 quamquam
609 1041 809 1078 Socraticis
824 1040 952 1078 madet

159 1093 413 1140 Sermonibus,
433 1099 473 1133 te
487 1095 656 1144 negliget
675 1094 873 1132 horridus:

214 1147 402 1185 Narratur
421 1153 460 1186 et
478 1148 592 1197 prisci
613 1148 770 1185 Catonis

263 1200 382 1250 Saepe
401 1214 503 1238 mero
523 1201 680 1238 caluisse
700 1196 830 1251 νᾷιιε.

155 1251 215 1290 Tu
234 1253 318 1291 lene
335 1259 395 1292 toi
397 1259 566 1292 mentum
584 1254 738 1303 ingenio
758 1254 935 1292 admoves

159 1305 382 1357 Plerumque
399 1308 496 1345 duro
517 1321 525 1346 :
554 1312 598 1346 tu
617 1308 842 1357 sapientium

210 1359 329 1398 Cui-as
348 1366 386 1399 et
405 1374 582 1399 arcanum
595 1361 728 1411 jocoso

264 1414 471 1452 Consilium
490 1416 630 1464 retegis
651 1415 781 1465 Lyaeo
798 1428 806 1451 ε

159 1466 219 1504 Tu
239 1480 341 1517 spem
359 1468 506 1506 reducis
525 1469 714 1506 mentibus
734 1467 866 1514 anxiis,

156 1520 363 1570 Viresque;
395 1527 433 1560 et
452 1522 559 1559 addis
579 1534 720 1559 cornua
737 1520 905 1571 pauperi,

213 1573 302 1613 Post
326 1580 364 1613 te
378 1588 500 1625 neque
518 1576 635 1614 iratos
653 1575 831 1614 trementi

263 1627 415 1678 Regum
434 1629 569 1678 apices,
582 1642 706 1678 neque
725 1628 885 1666 militnm
903 1639 1017 1665 arma.

156 1679 213 1717 Te
232 1680 359 1728 Liber,
376 1687 425 1728 et,
447 1683 477 1719 si
496 1683 595 1721 laeta
614 1682 747 1727 aderit,
770 1681 914 1727 Venus,

155 1732 370 1784 Segnesque
387 1736 530 1773 nodum
544 1736 689 1773 solvere
710 1734 877 1781 Gratiae,

206 1788 397 1838 Vivaeque
415 1790 625 1839 producent
643 1789 830 1834 lucernae,

257 1841 361 1880 Dum
379 1843 527 1880 rediens
547 1842 654 1891 fugat
673 1846 773 1880 astra
792 1841 981 1879 Phoebus.

357 1959 446 1997 ODE
466 1957 720 1997 XXIL-Ad
735 1957 919 1996 Dianam.

150 2053 344 2090 MONTIUM
363 2057 487 2090 custos
506 2063 789 2100 nemorumque,
809 2049 944 2098 Virgo,

153 2107 262 2152 Quae
275 2106 487 2143 laborantes
506 2110 615 2143 utero
633 2105 789 2154 puellas,

153 2161 228 2198 Ter
249 2166 390 2204 vocata,
412 2159 530 2204 audis,
552 2158 760 2207 adimisque
775 2157 866 2202 leto,

365 2212 466 2249 Diva
484 2211 686 2250 triformis·
679 2240 688 2255 ,

153 2267 358 2305 Imminens
376 2266 487 2303 villae
505 2270 571 2304 tua
589 2264 700 2314 pinus
714 2269 806 2309 esto,

154 2321 277 2367 Quam
297 2332 363 2369 per
382 2324 532 2357 exactos
551 2330 623 2367 ego
641 2317 762 2356 laetus
781 2329 900 2354 annos

146 2374 277 2413 Verris
296 2373 490 2423 obliquum
509 2371 728 2409 meditantis
746 2371 863 2409 ictum

362 2426 553 2476 Sanguine
571 2425 722 2463 donem.

615 2478 646 2516 F

1195 177 1244 215 61
