1414 2666
160 149 210 187 18
556 162 595 189 Ρ.
624 161 752 190 ovmn
778 161 942 190 NAsoms
1249 149 1347 201 [Lm.

164 256 261 295 Care
275 269 404 307 nepos,
426 257 544 305 Palla,
565 258 714 297 funesta
732 258 824 308 quid
843 257 969 295 induis
987 269 1090 295 arma
1101 256 1122 294 Ρ

219 310 362 349 Indue:
393 324 472 349 non
490 312 624 349 humili
643 312 792 349 vindice
812 324 930 349 caesus
948 311 1035 348 eris.

163 362 276 402 Victa
293 369 421 402 tamen
439 365 579 411 vinces,
599 378 801 415 eversaque
821 365 938 415 Troja
954 377 1127 414 resurges
1147 377 1156 401 :

218 417 367 456 Obruet
385 418 539 457 hostiles
557 419 630 458 ista
646 419 756 457 ruina
774 419 919 456 domos.

164 469 276 509 Urite
295 471 478 510 Victrices
493 472 687 523 Neptunia
707 473 892 521 Pergama
909 472 1068 509 flammae
1084 485 1094 516 ;
1265 471 1342 509 525

215 524 318 561 Num
337 525 462 563 minus
480 526 541 564 hic
560 531 643 565 toto
658 531 714 565 est
734 527 845 565 altior
865 526 955 563 orbe
973 525 1067 562 cinis
1086 525 1106 563 ¹?

161 576 187 614 J
190 589 249 615 am
267 578 350 627 pius
369 579 505 617 AEneas
524 593 639 626 sacra,
656 585 694 618 et
714 592 818 617 saera
838 580 956 617 altera
974 584 1131 628 patrem,

213 631 358 670 Afferet
380 646 388 670 ε
419 632 552 672 Iliacos
571 635 711 684 excipe,
733 634 861 679 Vesta,
882 633 986 670 deos.

163 683 328 734 Tempus
347 686 430 732 erit,
451 700 536 724 cum
556 700 632 733 vos,
653 688 856 736 orbemque
875 686 1043 724 tuebitur
1059 684 1158 723 idem
1174 697 1184 722 ε

214 738 265 776 Et
283 739 375 777 fient
393 740 474 789 ipso
494 753 598 778 sacra
612 741 759 779 colente
779 741 850 777 deo
871 753 879 777 ε
1266 740 1344 778 530

162 788 214 829 Et
233 804 348 840 penes
362 794 559 842 Augustos
577 795 709 843 patriae
729 794 851 831 tutela
869 792 1050 830 manebit.

213 843 326 883 Hanc
345 846 399 884 fas
418 847 565 896 imperii
583 848 689 885 frena
708 853 837 885 tenere
856 846 1025 883 domum.

164 897 257 935 Inde
276 912 392 948 nepos
410 906 596 950 natusque
615 901 686 947 dei,
702 901 791 938 licet
810 900 889 950 ipse
907 904 1065 945 recuset,

220 951 393 991 Pondera
411 954 552 992 coelesti
572 959 699 992 mente
717 959 874 1003 paterna
893 954 999 991 feret.

165 1004 296 1054 thue
314 1019 386 1056 ego
405 1009 597 1058 perpetuis
610 1009 698 1045 olim
719 1008 891 1045 sacrabor
909 1008 949 1044 in
969 1007 1052 1052 aris,
1162 1017 1164 1020 ’
1272 1010 1348 1048 535

217 1059 278 1097 Sic
298 1061 476 1109 Augusta
495 1075 634 1099 novum
649 1062 674 1100 J
677 1062 754 1100 ulia
771 1073 911 1099 numen
931 1060 1013 1098 erit.

163 1112 319 1151 Talibus
334 1120 377 1152 ut
396 1115 507 1153 dictis
526 1121 675 1154 nostros
694 1115 889 1153 descendit
907 1115 956 1152 ad
975 1127 1106 1161 annos,

212 1165 391 1206 Substitit
409 1168 450 1205 in
469 1170 613 1207 medios
634 1169 789 1219 praescia
808 1169 943 1218 lingua
961 1181 1084 1207 sonos.

161 1219 357 1270 Puppibus
377 1234 547 1270 egressus
567 1223 678 1260 Latia
697 1223 803 1262 stetit
821 1222 930 1259 exsul
949 1222 988 1258 in
1007 1222 1133 1260 herba.

215 1273 333 1320 Felix,
355 1276 526 1313 exsilium
546 1277 606 1314 cui
624 1277 728 1314 locus
747 1276 810 1314 ille
829 1275 900 1313 fuit
921 1276 928 1313 Ξ
1264 1277 1345 1317 540

160 1323 240 1364 Nee
258 1341 361 1366 mora
380 1328 494 1378 longa
513 1330 596 1368 suit.
654 1330 815 1369 Stabant
833 1341 932 1366 nova
949 1334 1052 1367 tecta
1073 1343 1081 1367 :
1110 1342 1179 1368 nee
1199 1331 1293 1371 alter

215 1381 410 1420 Montibus
429 1384 608 1421 Ausoniis
628 1384 778 1422 Arcade
797 1382 916 1431 major
935 1388 1028 1420 erat.

164 1434 262 1472 Ecce
282 1435 395 1473 boves
414 1436 504 1474 illuc
524 1437 754 1487 Erytheidas
773 1436 937 1486 applicat
956 1435 1077 1483 heros,

215 1488 401 1526 Emensus
419 1489 525 1539 longi
546 1491 710 1540 claviger
723 1491 822 1528 orbis
836 1491 921 1528 iter.
1151 1516 1155 1521 -

108 1551 115 1564 ⁸
161 1540 342 1591 Dumque
360 1542 447 1581 huic
466 1544 671 1594 hospitium
691 1545 826 1582 domus
846 1549 904 1582 est
925 1543 1088 1593 Tegeaea
1106 1557 1116 1589 ;
1145 1550 1332 1595 vagantur

215 1595 459 1635 Incustoditae
478 1597 565 1635 laeta
579 1611 646 1647 per
665 1611 754 1636 arva
771 1598 896 1635 boves.
1267 1601 1344 1638 545

162 1649 277 1687 Mane
296 1655 401 1688 erat:
433 1664 612 1690 excussus
631 1665 762 1690 somno
784 1651 1007 1701 Tirynthius
1026 1651 1159 1703 hospes

217 1703 278 1740 De
296 1716 453 1742 numero
471 1710 599 1743 tauros
619 1707 734 1745 sentit
753 1706 882 1743 abesse
900 1706 1009 1743 duos.

164 1756 279 1794 Nulla
298 1758 402 1796 videt
421 1759 527 1797 taciti
547 1772 719 1809 quaerens
737 1759 896 1808 vestigia
913 1759 1017 1798 furti.

217 1809 402 1849 Traxerat
421 1824 569 1850 aversos
591 1814 712 1851 Cacus
726 1813 766 1850 in
786 1820 895 1851 antra
912 1812 1010 1851 feros
1027 1827 1036 1857 ;
1268 1815 1346 1852 550

163 1863 294 1910 Cacus,
316 1863 522 1902 Aventinae
542 1867 656 1904 timor
674 1872 788 1916 atque
806 1865 959 1904 infamia
978 1866 1108 1917 sylvae,

214 1918 302 1954 Non
322 1917 403 1955 leve
421 1919 588 1957 finitimis
607 1920 891 1970 hospitibusque
910 1919 1060 1958 malum.

160 1970 256 2008 Dira
274 1971 355 2008 viro
372 1971 483 2010 facies
504 1986 513 2017 ;
544 1973 640 2011 vires
655 1986 723 2023 pro
746 1986 924 2022 corpore3
955 1985 1090 2023 corpus

216 2024 372 2062 Grande
389 2038 397 2063 :
427 2031 534 2076 pater
553 2028 712 2066 monstri
730 2026 916 2065 Mulciber
934 2026 1047 2076 hujus
1066 2031 1160 2065 erat.

162 2078 312 2127 Proque
331 2078 443 2116 domo
462 2080 585 2129 longis
605 2081 782 2130 spelunca
801 2081 1007 2118 recessibus
1025 2081 1161 2130 ingens
1267 2081 1344 2119 555

215 2131 370 2178 Abdita,
391 2133 454 2170 vix
472 2134 561 2183 ipsis
577 2135 803 2172 invenienda
821 2134 920 2172 feris.

164 2184 244 2223 Ora
262 2199 374 2235 super
391 2191 517 2236 postes
535 2188 721 2238 affixaque
739 2188 890 2226 brachia
908 2187 1088 2238 pendent,

217 2239 472 2289 squalidaque
486 2241 660 2280 humanis
679 2243 824 2280 ossibus
844 2242 945 2280 albet
963 2242 1112 2280 humus.

165 2292 321 2330 Servata
339 2294 437 2331 male
451 2300 560 2344 parte
579 2296 693 2334 boum
711 2296 810 2334 Jove
828 2300 941 2333 natus
959 2296 1087 2333 abibas
1102 2308 1111 2333 :

222 2345 413 2394 Mugitum
432 2361 546 2386 rauco
564 2349 667 2388 furta
685 2350 824 2388 dedere
838 2361 942 2387 sono.
1263 2348 1342 2387 560

162 2399 319 2449 Accipio
338 2412 578 2449 revocamen,
595 2403 648 2442 ait
664 2417 673 2449 ;
703 2415 907 2452 vocemque
926 2406 1074 2441 secutus
