1414 2666
207 200 257 237 22
610 212 647 238 Ρ.
666 186 803 240 ‘ovum
829 212 992 240 NAsoms

260 309 316 347 Ut
333 308 483 358 capiant
503 308 625 346 cultus
643 311 798 359 praemia
815 311 933 359 digna
946 309 1014 347 sui.

205 362 284 400 Vos
299 363 388 401 date
403 368 600 412 perpetuos
619 365 758 402 teneris
775 364 1002 402 sementibus
1021 365 1153 401 auctus
1173 376 1181 401 :
1197 368 1203 375 '

257 416 339 453 Nec
358 428 455 453 nova
476 428 543 465 per
561 417 704 464 gelidas
722 418 840 455 herba
857 417 906 455 sit
919 424 1006 455 usta
1029 416 1148 454 nives.

207 469 303 506 Cum
319 471 485 515 serimus,
507 470 639 507 coelum
658 472 780 509 ventis
799 471 942 520 aperite
959 469 1099 508 serenis
1119 483 1128 508 ε

259 523 355 560 Cum
375 524 478 568 latet,
501 524 656 561 aetheria
670 525 836 574 spargite
854 537 981 562 semen
997 535 1108 572 aqua.

204 577 312 615 Neve
330 590 464 626 graves
483 577 594 615 cultis
611 578 780 616 Cerealia
794 579 905 623 dona,
925 583 1067 624 cavete,

255 631 419 680 Agmine
437 632 569 669 laesuro
587 631 866 682 depopulentur
884 645 984 669 aves.

203 685 282 722 Vos
301 697 448 733 quoque
466 685 653 734 subjectis,
672 686 848 731 formicae,
868 685 1009 735 parcite
1026 684 1175 734 granis:

257 739 348 776 Post
366 751 523 776 messem
537 739 672 788 praedae
692 740 798 788 copia
816 739 937 788 major
953 739 1038 777 erit.

202 791 352 830 Interea
371 797 512 829 crescat
532 793 673 830 seabrae
691 793 874 842 robiginis
893 805 1037 842 expers,

253 846 334 883 Nec
353 846 445 883 vitio
461 846 544 882 coeli
564 845 703 895 palleat
723 859 825 895 aegra,
839 858 957 895 seges.

203 899 256 937 Et
275 911 396 947 neque
415 899 566 937 deficiat
584 900 713 945 macie,
729 913 852 949 neque
868 899 1046 950 pinguior
1064 910 1170 947 aequo

253 953 407 991 Divitiis
427 961 555 1002 pereat
574 953 768 991 luxuriosa
787 954 876 991 suis.

201 1005 252 1044 Et
272 1012 424 1044 careant
442 1007 539 1044 loliis
558 1007 684 1044 oculos
704 1008 924 1045 vitiantibus
943 1006 1037 1055 agri,

253 1060 334 1097 Nec
354 1059 490 1098 sterilis
510 1061 611 1099 culto
631 1068 759 1110 surgat
778 1074 897 1099 avena
924 1061 1015 1099 solo.

201 1113 386 1151 Triticeos
404 1114 513 1159 fetus,
534 1127 760 1164 passuraque
773 1115 873 1152 farra
890 1114 948 1152 bis
965 1115 1105 1163 ignem,

252 1167 482 1216 Hordeaque
501 1169 648 1218 ingenti
667 1168 807 1206 foenore
827 1169 960 1206 reddat
980 1181 1083 1218 ager.

198 1220 285 1258 Hoc
307 1234 377 1270 ego
396 1235 464 1270 pro
480 1224 596 1267 vobis,
617 1223 687 1260 hoc
707 1235 772 1260 vos
792 1228 920 1271 optate
934 1223 1057 1259 coloni
1077 1236 1086 1260 :

252 1274 499 1323 Efficiantque
518 1282 618 1314 ratas
638 1283 796 1324 utraque
815 1276 902 1313 diva
920 1288 1062 1325 preces-

198 1325 303 1365 Bella
321 1329 387 1365 diu
400 1335 556 1367 tenuere
575 1330 674 1367 viros
695 1344 703 1368 :
735 1336 815 1368 erat
833 1330 957 1379 aptior
971 1330 1069 1366 ensis

252 1382 436 1420 Vomcre:
468 1383 625 1421 cedebat
644 1389 772 1421 taurus
787 1389 912 1420 arator
931 1395 1037 1431 equo.

198 1434 350 1473 Sareula
371 1437 566 1474 cessabant
586 1450 594 1473 :
625 1437 792 1484 versique
811 1438 851 1473 in
870 1436 946 1486 pila
963 1437 1122 1485 ligones,

251 1489 440 1537 Factaque
460 1490 506 1526 dc
525 1491 636 1527 rastri
652 1491 819 1539 pondere
837 1490 949 1527 cassis
969 1495 1061 1528 erat.

199 1542 332 1580 Gratia
352 1543 421 1588 dis,
444 1543 646 1592 domuique
662 1549 736 1581 tuae
757 1544 765 1581 l
796 1544 955 1592 religata
970 1544 1111 1581 catenis

247 1596 273 1633 J
275 1596 483 1645 ampridem
498 1604 628 1635 nostro
648 1599 717 1634 sub
736 1598 833 1647 pede
851 1597 950 1634 bella
962 1597 1107 1646 jacent.

198 1649 275 1686 Sub
289 1650 384 1699 juga
398 1651 464 1688 bos
485 1651 610 1689 veniat
630 1664 638 1695 ;
667 1652 737 1689 sub
759 1658 876 1689 terras
896 1663 1022 1688 semen
1036 1659 1170 1690 aratas.

252 1704 331 1741 Pax
353 1704 526 1741 Cererem
546 1705 667 1743 nutrit
688 1719 696 1742 :
726 1705 828 1754 pacis
847 1705 998 1742 alumna
1019 1705 1143 1743 Ceres.

196 1810 250 1846 At
270 1821 351 1857 quae
371 1817 546 1847 venturas
566 1809 753 1858 praecedet
773 1815 879 1847 sexta
899 1809 1105 1856 Kalendas,

253 1862 336 1899 Hac
358 1869 446 1901 sunt
466 1863 612 1900 Ledaeis
628 1863 768 1912 templa
787 1864 912 1900 dicata
931 1863 1024 1900 deis.

199 1916 394 1954 Fratribus
408 1917 473 1953 illa
491 1917 570 1953 deis
588 1917 724 1954 fratres
743 1917 790 1953 de
808 1924 923 1965 gente
941 1916 1098 1954 deorum
1145 1915 1149 1919 ’

253 1970 363 2007 Circa
381 1970 558 2008 Juturnae
579 1982 822 2020 composuere
841 1970 956 2007 lacus.

199 2074 325 2123 Ipsum
345 2087 414 2111 nos
434 2086 583 2111 carmen
604 2073 757 2111 deducit
777 2073 886 2110 Pacis
905 2072 954 2109 ad
973 2085 1088 2109 aram.

253 2127 349 2165 Haec
368 2128 439 2166 erit
459 2141 481 2164 a
500 2128 636 2164 mensis
655 2128 729 2164 fine
744 2127 909 2164 secunda
928 2125 1018 2163 dies.

200 2181 230 2218 F
233 2182 414 2218 rondibus
434 2181 599 2219 Actiacis
619 2186 761 2218 comtos
779 2180 954 2218 redimita
973 2179 1140 2229 capillos,

252 2235 343 2280 Pax,
365 2236 466 2279 ades,
488 2242 526 2273 et
546 2240 627 2273 toto
647 2235 747 2274 mitis
766 2234 807 2270 in
825 2235 917 2271 orbe
936 2245 1060 2270 mane.

199 2289 305 2326 Dum
325 2289 450 2326 desint
468 2289 605 2334 hostes,
627 2289 724 2325 desit
744 2299 890 2336 quoque
908 2298 1019 2324 causa
1037 2285 1229 2336 triumphi.

255 2341 311 2378 Tu
332 2342 490 2379 ducibus
509 2343 608 2379 bello
626 2341 747 2390 gloria
767 2341 884 2390 major
903 2340 990 2378 eris.

201 2395 288 2433 Sola
306 2402 419 2444 gerat
438 2396 554 2441 miles,
584 2396 717 2444 quibus
735 2407 837 2432 arma
855 2398 1038 2440 coerceat,
1067 2405 1193 2431 arma:

255 2449 512 2498 Canteturque
528 2449 607 2487 fera
625 2449 679 2486 nil
697 2448 769 2485 nisi
788 2460 924 2498 pompa
942 2448 1043 2486 tuba.

1306 415 1384 455 680

1305 684 1384 724 685

1305 952 1383 991 690

1305 1220 1382 1260 695

1304 1489 1382 1530 700

1304 1808 1380 1847 705

1304 2124 1382 2164 710

1304 2392 1381 2431 715
