1414 2666
179 144 229 181 52
621 156 816 184 Annnmos
842 155 902 184 111.

177 251 334 299 Lyctius
357 252 580 289 Idomeneus
601 265 610 289 ε
640 252 700 290 hic
718 252 784 290 illa
802 252 908 290 ducis
929 251 1106 290 Meliboei

179 304 300 341 Parva
322 306 556 343 Philoctetae
574 306 732 343 subnixa
752 306 896 344 Petelia
915 318 1036 343 muro.

180 358 294 403 Quin,
317 359 380 395 ubi
396 359 636 396 transmissae
655 360 828 398 steterint
846 364 951 398 trans
969 371 1132 408 aequora
1152 358 1298 403 classes,

179 410 228 447 Et
249 412 378 460 positis
393 413 465 449 aris
478 412 558 461 jam
579 417 666 450 vota
683 413 724 449 in
741 413 869 451 littore
888 413 1020 458 solves,

179 463 372 514 Purpureo
392 466 515 503 velare
535 478 659 503 comas
679 467 880 516 adopertus
900 466 1062 511 amictu3
1275 465 1352 503 405

176 517 212 554 N
217 531 237 553 e
257 530 326 566 qua
347 520 446 556 inter
464 525 613 557 sanctos
631 520 729 568 ignis
747 521 785 556 in
805 520 949 557 honore
972 520 1128 557 deorum

175 570 335 609 Hostilis
353 573 462 609 facies
482 580 663 618 occurrat,
681 578 719 610 et
738 573 862 610 omina
881 574 1022 611 turbet.

174 624 212 661 H
219 638 291 662 unc
311 626 398 663 socii
419 639 557 663 morem
580 639 779 672 sacrorum,
800 627 900 664 hunc
918 627 997 675 ipse
1016 632 1145 665 teneto
1166 640 1174 663 :

176 678 261 714 Hac
281 679 371 717 casti
388 687 564 717 maneant
583 680 620 716 in
639 680 818 728 religione
837 686 1006 729 nepotes.

175 731 261 776 Ast,
282 733 345 769 ubi
368 733 575 781 digressum
600 733 746 770 Siculae
766 740 803 771 te
821 733 1031 771 admoverit
1049 746 1137 770 orae
1277 734 1355 772 410

178 785 335 831 Ventus,
357 794 395 824 et.
416 787 564 835 angusti
585 793 774 824 rarescent
794 787 957 824 claustra
978 787 1114 832 Pelori,

176 839 301 875 Laeva
322 840 391 877 tibi
411 841 522 877 tellus
541 847 577 877 et
598 840 712 888 longo
732 840 836 876 laeva
855 846 1036 888 petantur

176 893 351 941 Aequora
371 893 528 930 circuitu
545 907 552 930 :
584 893 758 930 dextrum
778 893 868 941 fuge
886 893 994 930 littus
1013 899 1051 931 et
1065 893 1195 931 undas.

176 945 283 982 Haec
301 947 395 992 loca,
417 947 451 983 vi
473 947 660 994 quondam
681 954 719 983 et
739 952 843 983 vasta
863 947 1041 984 convolsa
1060 948 1179 993 ruina,

177 998 357 1040 (Tantum
380 1000 458 1036 aovi
475 1000 681 1049 longinqua
696 999 795 1036 valet
815 1005 963 1037 mutare
983 1001 1165 1051 vetustas)
1278 1001 1356 1038 415

177 1052 390 1090 Dis-siluisse
408 1054 544 1097 ferunt,
564 1066 677 1101 quum
699 1061 879 1102 protenus
899 1060 1054 1102 utraque
1073 1055 1185 1092 tellus

181 1106 265 1143 Una
286 1107 381 1144 foret
400 1120 408 1144 z
432 1108 533 1144 venit
552 1108 675 1143 medio
695 1107 730 1142 vi
751 1112 901 1155 pontus,
924 1113 961 1144 ct
980 1107 1093 1144 undis

178 1159 402 1209 Hesperium
428 1161 552 1197 Siculo
571 1161 670 1198 latus
692 1160 862 1205 abscidit,
884 1173 1058 1210 arvaque,
1081 1167 1118 1199 et
1139 1162 1255 1208 urbis,

177 1213 324 1251 Littore
344 1214 529 1251 diductas.
549 1219 711 1262 angusto
730 1214 900 1251 interluit
919 1221 1039 1252 aestu.

174 1266 360 1304 Dextrum
384 1267 509 1316 Scylla
527 1268 634 1313 latus,
655 1267 802 1304 laevum
821 1267 1018 1316 implacata
1040 1267 1251 1317 Charybdis
1279 1268 1357 1305 420

180 1319 351 1364 obsidet,
373 1328 486 1369 atque
505 1321 581 1357 imo
602 1321 766 1357 barathri
786 1325 844 1357 ter
863 1321 1015 1369 gurgite
1033 1327 1158 1359 vastos

177 1374 311 1411 Sorbet
332 1375 370 1410 in
390 1375 589 1424 abruptum
610 1375 746 1411 fluctus
764 1385 966 1422 rursusque
985 1375 1055 1411 sub
1074 1388 1182 1418 auras

175 1426 297 1475 Erigit*
317 1428 493 1472 alternos,
518 1432 556 1465 et
576 1428 699 1464 sidera
720 1427 894 1464 verberat
913 1427 1030 1465 unda.

177 1481 227 1517 At
248 1481 409 1529 Scyllam
432 1481 549 1518 caecis
569 1481 719 1518 cohibet
739 1480 915 1530 spelunca
931 1481 1097 1526 latebris,

178 1533 255 1570 Ora
276 1540 539 1579 exsertantem,
561 1540 598 1572 et
618 1534 722 1571 navis
742 1534 781 1570 in
802 1547 890 1570 saxa
910 1535 1138 1573 trahentem.
1280 1534 1358 1572 425

179 1587 302 1623 Prima
324 1589 486 1624 hominis
505 1588 629 1633 facies,
650 1593 688 1625 et
707 1587 866 1637 pulchro
884 1593 1037 1636 pectore
1059 1589 1166 1638 virgo

178 1641 283 1677 Pube
302 1648 410 1678 tenus
427 1655 434 1679 :
464 1647 656 1690 postremo
674 1641 829 1677 immani
849 1653 1004 1690 corpore
1023 1641 1169 1691 pistrix,

177 1694 409 1743 Delphinum
431 1695 567 1732 caudas
588 1704 696 1732 utero
717 1694 916 1731 commissa
935 1695 1123 1743 luporum.

178 1748 349 1785 Praestat
371 1748 558 1785 Trinacrii
579 1755 696 1786 metas
716 1745 876 1785 lustrare
898 1748 1068 1797 Pachyni
1219 1788 1226 1794 ,

177 1802 405 1846 Ces-cantem,
426 1802 559 1850 longos
579 1807 617 1839 et
638 1802 776 1838 circum
799 1801 950 1838 flectere
970 1814 1110 1848 cursus,
1280 1802 1359 1840 430

176 1856 297 1900 Quam
319 1855 430 1892 semel
450 1855 646 1891 informem
667 1862 773 1892 vasto
793 1854 931 1891 vidisse
945 1856 1015 1892 sub
1034 1862 1146 1892 antro
1292 1854 1295 1863 ’

173 1909 346 1958 Scyllam,
369 1916 406 1946 ct
426 1908 604 1945 caeruleis
624 1909 778 1945 canibus
797 1909 1011 1946 resonantia
1040 1921 1139 1946 saxa.

176 1963 385 2006 Praeterea,
407 1962 436 1999 si
455 1974 527 2010 qua
542 1967 599 1999 est
619 1961 768 1998 Heleno
787 1961 999 2010 prudentia,
1021 1963 1099 2000 vati

176 2017 213 2053 Si
234 2028 308 2064 qua
327 2016 430 2060 fides,
452 2015 614 2051 animum
636 2015 665 2052 si
685 2015 781 2051 veris
799 2015 930 2064 implet
948 2015 1098 2065 Apollo,

178 2071 303 2106 Unum
324 2069 418 2105 illud
437 2069 518 2113 tibi,
539 2075 627 2106 nate
646 2069 727 2114 dea,
749 2081 911 2117 praeque
931 2069 1104 2107 omnibus
1125 2082 1252 2116 unum,
1275 2071 1352 2114 435

176 2123 404 2168 praedicam,
425 2128 462 2160 et
481 2128 654 2171 repetens
673 2122 883 2170 iterumque
903 2123 1063 2159 monebo
1079 2137 1087 2161 ε

173 2177 336 2213 Junonis
358 2188 514 2225 magnae
532 2175 693 2225 primum
713 2188 823 2226 prece
841 2187 982 2212 numen
1002 2175 1140 2222 adora;

174 2230 317 2268 Junoni
340 2242 432 2266 cane
454 2235 539 2267 vota
558 2229 690 2274 libens,
712 2229 980 2278 dominamque
999 2235 1194 2279 potentem

173 2283 415 2331 Supplicibus
437 2296 570 2332 supera
585 2282 719 2319 donis:
746 2283 798 2320 sic
817 2282 982 2331 denique
999 2283 1121 2322 victor

177 2337 372 2373 Trinacria
390 2336 477 2373 finis
499 2336 613 2374 Italos
631 2335 781 2374 mittere
800 2336 942 2373 relicta.
1278 2337 1355 2375 440

174 2390 262 2428 Huc
286 2390 349 2427 ubi
369 2390 516 2427 delatus
538 2390 740 2427 Cumaeam
761 2389 956 2427 accesseris
977 2390 1119 2437 urbem,
