1475 2712
105 205 152 258 1.]
632 215 756 243 rss‘rr.
1237 204 1286 242 13

110 313 282 351 Nominis
301 327 380 351 esse
394 320 499 362 potes
513 312 724 350 succinctus
743 324 854 349 causa
872 311 1053 357 minister,

164 366 301 405 Hostia
319 367 502 404 coelitibus
521 378 595 415 quo
614 365 772 403 feriente
790 365 891 402 eadit
911 377 920 401 τ
1205 364 1284 402 320

111 420 188 466 Qui
207 421 329 458 calido
348 420 498 458 strictos
513 420 703 457 tincturus
721 419 904 468 sanguine
918 419 1071 464 cultros,

163 473 330 524 Semper,
350 482 487 523 agatne
501 473 521 510 P
550 479 661 522 rogat
677 485 686 516 ;
715 485 785 509 nec
803 472 874 509 nisi
885 472 1012 521 jussus
1031 471 1124 521 agit.

105 526 209 572 Pars,
229 528 317 577 quia
335 540 412 564 non
430 527 584 564 veniant
604 526 779 575 pecudes,
805 526 872 562 sed
884 531 1058 574 agantur,
1080 525 1127 562 ab
1145 531 1232 563 actu

158 581 307 618 Nomen
328 581 533 628 Agonalem
553 580 673 617 credit
692 580 832 616 habere
851 579 965 616 diem.

106 633 210 679 Pars,
231 635 320 683 quia
338 646 414 670 non
434 633 586 671 veniant
605 633 778 682 pecuder‚
800 633 865 669 sed
884 639 1057 681 agantur,
1079 631 1126 668 ab
1144 636 1233 669 actu

158 686 308 724 Nomen
323 687 534 736 Agonalem
549 687 670 724 credit
688 687 825 724 habere
845 686 956 723 diem.

106 740 198 778 Pars
218 746 326 790 putat
345 741 416 778 hoc
433 741 569 778 festum
588 740 718 789 priscis
737 739 902 788 Agnalia
921 740 1063 778 dictum
1086 752 1094 776 τ
1203 738 1282 777 325

164 794 251 831 Una
266 794 314 832 sit
333 800 375 832 ut
390 795 540 843 proprio
555 794 681 832 littera
700 794 826 831 demta
845 794 941 830 loco.

104 849 181 892 An,
201 848 287 896 quia
305 848 482 896 praevisos
500 848 541 884 in
559 859 655 896 aqua
674 848 783 885 timet
802 847 925 885 hostia
943 846 1096 891 cultros,

158 902 194 938 A
214 902 356 951 pecoris
374 901 440 938 lux
459 907 516 939 est
533 901 606 939 ista
624 907 754 939 notata
773 907 875 939 metu
890 901 910 938 ἶ)

107 954 198 991 Pars
218 955 341 1000 etiam,
362 955 442 991 fieri
461 955 578 992 solitis
598 960 710 992 aetate
729 955 894 1004 priorum

157 1008 323 1045 Nomina
340 1008 387 1044 de
406 1009 505 1045 ludis
526 1008 642 1057 Graja
656 1009 786 1046 tulisse
805 1008 918 1045 diem.
1203 1009 1282 1047 330

105 1060 156 1098 Et
174 1074 287 1110 pecus
306 1062 483 1110 antiquus
502 1062 651 1100 dicebat
670 1062 821 1110 Agonia
840 1074 960 1099 sermo
981 1074 989 1097 :

156 1114 330 1163 Vei-aque
342 1115 487 1163 judicio
502 1124 558 1153 est
577 1115 709 1153 ultima
723 1128 834 1153 causa
852 1128 946 1152 meo.

109 1167 235 1216 thue
253 1181 296 1205 ea
314 1181 416 1205 nunc
435 1180 539 1206 certa
558 1176 626 1213 est,
647 1169 700 1206 ita
719 1182 786 1206 rex
809 1169 958 1218 placare
978 1182 1166 1207 sacrorum

155 1221 322 1258 Numina
340 1222 517 1270 lanigera>
537 1222 699 1270 conjuge
718 1224 832 1260 debet
852 1223 942 1260 ovis.

103 1275 276 1319 Victima,
298 1288 380 1324 quae
398 1275 532 1313 dextra
550 1276 686 1313 cecidit
705 1276 867 1319 victrice,
884 1282 1038 1315 vocatur
1058 1289 1068 1324 ;
1203 1276 1281 1315 335

153 1327 340 1366 Hostibus
359 1330 492 1367 amotis
510 1329 634 1367 hostia
652 1342 789 1366 nomen
808 1330 933 1367 habet.

102 1382 215 1427 Ante,
236 1382 326 1419 deos
345 1382 487 1419 homini
506 1383 608 1432 quod
627 1384 824 1420 conciliare
839 1383 991 1430 valeret,

157 1435 228 1472 Far
247 1442 339 1481 erat,
360 1442 398 1473 et
417 1437 501 1485 puri
521 1436 646 1473 lucida
664 1438 758 1474 mica
777 1437 876 1474 salis.

102 1488 283 1526 Nondum
298 1489 505 1538 pertulerat
524 1490 748 1539 lacrymatas
762 1491 901 1528 cortice
920 1492 1091 1541 myrrhas

156 1544 254 1580 Acta
272 1555 338 1592 per
352 1555 541 1592 aequoreas
558 1544 703 1593 hospita
720 1545 826 1582 navis
846 1556 974 1592 aquas.
1205 1545 1285 1584 340

101 1595 231 1633 Thura
249 1608 319 1633 nec
339 1595 563 1646 Euphrates,
584 1610 654 1635 nec
673 1597 824 1635 miserat
845 1598 954 1636 India
970 1604 1129 1645 costum,

155 1648 235 1686 Nec
254 1649 403 1688 fuerant
422 1650 526 1687 rubri
545 1652 698 1700 cognita.
715 1652 779 1689 fila
797 1652 908 1689 croci.

100 1702 181 1740 Ara
200 1703 315 1741 dabat
333 1703 455 1741 fumos
475 1705 601 1742 herbis
619 1710 800 1744 contenta
821 1706 982 1752 Sabinis,

155 1755 206 1794 Et
225 1769 301 1794 non
320 1757 458 1805 exiguo
476 1758 603 1795 laurus
618 1758 753 1797 adusta
772 1772 875 1796 sono.

103 1808 142 1847 Si
160 1810 242 1857 quis
261 1816 353 1855 erat,
373 1810 479 1849 factis
498 1812 596 1861 prati
614 1812 662 1850 de
679 1812 772 1850 flore
790 1813 937 1850 coronis
1200 1813 1279 1852 345

154 1863 231 1908 Qui
251 1870 375 1913 posset
397 1864 512 1902 violas
531 1865 681 1911 addere,
704 1866 808 1903 dives
821 1872 916 1904 erat.

101 1915 187 1962 Hic,
210 1917 274 1965 qui
292 1930 393 1955 nunc
413 1918 533 1967 aperit
559 1920 724 1967 percussi
741 1921 883 1957 viscera
901 1919 1012 1965 tauri,

153 1969 199 2006 In
218 1971 329 2007 sacris
348 1971 494 2009 nullum
514 1973 634 2010 culter
651 1973 815 2011 habebat
835 1987 944 2022 opus.

102 2022 227 2060 Prima
246 2023 359 2061 Ceres
377 2025 496 2062 avidae
516 2027 645 2074 gavisa
663 2034 721 2065 est
740 2029 924 2077 sanguine
942 2040 1079 2077 porcae,

155 2076 248 2114 Ulta
267 2091 351 2114 suas
370 2079 502 2116 merita
521 2081 624 2117 caede
643 2082 813 2119 nocentis
832 2094 931 2131 opes,
1198 2081 1279 2120 350

100 2130 199 2167 Nam
214 2139 295 2168 sata
309 2143 396 2169 vere
415 2144 513 2169 novo
532 2134 671 2171 teneris
690 2134 869 2173 lactentia
890 2135 1009 2172 succis

153 2183 274 2222 Eruta
292 2185 462 2234 setigerae
483 2187 663 2235 comperit
681 2200 746 2225 ore
764 2189 855 2226 suis.

101 2237 171 2275 Sus
189 2237 345 2275 dederat
364 2251 505 2287 poenas.
561 2240 746 2290 Exemplo
764 2242 918 2280 territus
935 2241 1048 2291 hujus

155 2290 314 2329 Palmite
328 2291 510 2329 debueras
529 2294 765 2341 abstinuisse,
786 2308 911 2344 caper.

101 2343 223 2388 Quem
243 2350 413 2394 spectans
433 2346 565 2395 aliquis
584 2347 717 2385 dentes
732 2348 773 2385 in
792 2349 878 2386 vitae
895 2356 1140 2398 prementem,
1196 2352 1275 2390 355

152 2396 259 2434 Talia
276 2410 354 2435 non
372 2399 490 2437 tacito
508 2399 613 2439 dicta
627 2402 758 2440 dolore
777 2402 904 2440 dedit:

100 2449 222 2497 Rode,
251 2463 374 2501 caper,
403 2453 544 2492 vitem:
573 2461 700 2492 tamen
719 2456 817 2503 hinc,
844 2469 930 2494 cum
957 2457 1073 2496 stabis
1091 2457 1141 2495 ad
1161 2470 1277 2506 aram,
