1475 2712
537 171 746 200 CARMINUM
764 171 808 197 ΙΙΙ
815 187 822 195 .

195 271 257 311 Tu
275 276 381 322 potes
395 271 511 318 tigres
529 269 757 316 comitesque
775 267 886 303 silvas

195 327 358 371 Ducere,
379 329 418 362 et
435 323 534 360 rivos
554 322 691 359 celeres
710 320 861 357 morari.

196 379 318 418 Cessit
331 376 502 416 immanis
521 375 590 413 tibi
608 374 817 412 blandienti

404 430 433 468 J
433 429 557 467 anitor
569 428 686 473 aulae,

196 486 381 524 Cerberus
397 497 406 528 ;
437 482 605 533 quamvis
623 481 758 518 furiale
775 487 927 520 centum

197 540 373 577 Muniant
392 549 534 586 angues
555 540 668 585 caput
682 535 774 584 ejus,
796 541 909 586 atque

196 593 356 643 Spiritus
375 596 483 636 teter,
505 590 700 638 saniesque
719 595 846 628 manet

405 644 482 682 Ore
501 643 686 692 trilingui.

200 700 303 746 Quin
322 703 360 736 et
376 698 496 743 Ixion,
515 697 724 747 Tityosque
744 696 852 734 vultu

198 753 298 791 Risit
316 752 436 789 invito
452 765 460 789 :
491 751 596 789 stetit
611 763 706 787 urna
723 750 890 799 paullum
918 764 919 767 ¹

198 806 313 853 Sicca,
335 806 425 843 dum
443 809 553 854 grato
572 803 698 841 Danai
716 804 858 853 puellas

408 859 584 896 Carmine
604 858 758 894 mulces.

197 913 341 950 Audiat
361 912 470 962 Lyde
490 911 609 949 scelus
629 916 742 960 atque
761 915 870 950 notas

200 967 401 1014 Virginum
420 978 571 1015 poenas,
591 970 630 1002 et
644 965 756 1002 inane
774 964 949 1014 lymphae

206 1020 373 1066 Dolium,
393 1019 511 1056 fundo
530 1018 722 1068 pereuntis
740 1018 826 1064 imo,

413 1073 578 1121 Sel-aque
592 1072 682 1116 fata,

203 1126 312 1171 Quae
330 1130 483 1163 manent
503 1126 630 1174 culpas
651 1125 763 1163 etiam
784 1125 854 1161 sub
875 1124 990 1162 Oreo.

202 1179 356 1229 Impiae‚
380 1177 484 1229 (nam
506 1179 597 1227 quid
613 1182 769 1227 potuere
787 1178 906 1227 majus
926 1177 962 1228 P)

202 1233 355 1282 Impiae,
378 1244 532 1282 sponsos
551 1237 709 1281 potuere
728 1231 824 1268 duro

417 1285 581 1323 Perdere
600 1285 710 1322 ferro.

205 1340 290 1377 Una
309 1340 356 1377 de
374 1339 514 1384 multis,
534 1340 614 1376 face
634 1337 795 1388 nuptiali

202 1393 341 1442 Digna,
362 1392 553 1441 perjurum
572 1392 643 1430 fuit
663 1392 702 1429 in
722 1396 915 1440 parentem

207 1446 411 1496 Splendide
430 1446 604 1491 mendax,
627 1450 666 1484 et
684 1446 725 1482 in
740 1458 850 1483 omne
869 1445 980 1495 virgo

417 1499 566 1536 Nobilis
584 1511 715 1536 aevum
733 1512 741 1536 :

205 1554 337 1602 Surge,
361 1566 458 1602 quae
474 1553 573 1591 dixit
585 1552 719 1601 juveni
739 1552 885 1598 marito,

209 1607 342 1656 Surge,
362 1619 409 1644 ne
428 1607 565 1655 longus
584 1606 654 1644 tibi
674 1619 837 1651 somnus,
858 1606 961 1643 unde

204 1661 292 1698 Non
312 1661 432 1703 times,
454 1661 566 1698 detur
584 1673 593 1703 ;
623 1673 792 1697 socerum
813 1664 852 1697 et
872 1660 1046 1699 scelestas

419 1713 451 1750 F
453 1713 525 1751 alle
543 1726 699 1759 sorores,

208 1768 325 1813 Quae,
349 1767 451 1805 velut
470 1772 602 1805 nactae
623 1767 758 1805 vit-ulos
773 1767 938 1811 leaenae,

209 1821 396 1869 Singulos,
417 1821 536 1858 eheu!
568 1819 734 1858 lacerant
755 1832 763 1856 ε
797 1833 879 1869 ego,
901 1820 975 1857 illis

208 1874 372 1919 Mollior,
394 1886 463 1910 nec
483 1880 520 1911 tc
540 1874 679 1918 feriam,
701 1886 823 1923 neque
842 1874 942 1912 intra

421 1927 595 1965 Claustra
613 1928 762 1965 tenebo.

215 1980 281 2019 Me
299 1986 405 2031 pater
425 1981 542 2018 saevis
561 1987 692 2019 oneret
707 1981 861 2026 catenis,

215 2035 330 2080 Quod
349 2035 429 2073 viro
449 2035 610 2072 clemens
629 2035 764 2073 misero
784 2036 955 2085 peperoi;

208 2087 274 2126 Me
295 2089 351 2126 vel
370 2092 556 2126 extremos
574 2088 825 2127 Numidarum
843 2090 883 2126 in
898 2103 1008 2139 agros

425 2140 556 2178 Classe
571 2142 725 2190 releget.

217 2195 248 2239 I,
270 2195 383 2244 pedes
403 2207 477 2244 quo
497 2200 536 2232 te
554 2195 708 2244 rapiunt
722 2201 760 2234 et
778 2209 902 2243 aurae,

214 2248 317 2286 Dum
335 2246 435 2286 favet
453 2261 540 2294 nox,
561 2252 600 2286 et
618 2248 766 2288 Venus:
796 2250 809 2287 i
837 2251 1002 2289 secundo

210 2301 372 2347 Omine;
402 2307 441 2340 et
459 2301 578 2340 nostri
597 2314 798 2342 memorem
816 2304 987 2355 sepulcro

427 2355 560 2407 Scalpe
574 2356 774 2406 querelam.

1224 642 1275 679 20

1230 1179 1281 1216 30

1230 1447 1280 1484 35

1235 1716 1286 1754 40

1241 2255 1292 2293 50
