1475 2712
1164 151 1185 187 C«

483 166 676 196 AENEIDOS
704 166 763 194 111·

45 262 84 301 Si
104 276 227 313 pere0,
249 265 439 302 hominum
460 263 630 302 manibus
649 262 801 312 periisse
814 260 974 310 juvabit.

45 317 229 360 Dixerat;
259 324 306 364 et,
326 330 450 366 genua
468 317 660 366 amplexus
679 315 910 365 genibusque
930 313 1114 357 volutans,

43 369 245 409 Haerebat.
303 371 379 416 Qui
392 371 452 415 sit,
472 370 553 416 fari,
573 383 647 419 quo
666 368 848 416 sanguine
867 374 1000 411 cretus,

43 423 252 461 Hortamur
268 437 276 468 ;
307 436 401 473 quae
421 423 557 460 deinde
575 423 694 471 agitet
715 422 896 466 Fortuna,
916 419 1034 458 fateri.

43 476 126 525 Ipse
142 482 247 526 pater
265 477 446 522 dextram,
469 477 662 521 Anchises,
682 475 784 512 haud
801 475 918 511 multa
936 478 1114 515 moratus,
1135 469 1212 507 610

43 530 122 567 Dat
135 530 265 578 juveni
282 544 290 573 ;
321 536 430 579 atque
450 530 612 567 animum
631 528 817 578 praesenti
835 529 992 576 pignore
1011 527 1144 562 firmat..

43 582 110 619 Ille
130 584 229 627 haec,
250 584 419 632 deposita
431 584 581 621 tandem
601 582 810 626 formidine,
832 582 932 619 fatur
952 594 959 617 z

96 637 184 673 Sum
205 637 324 685 patria
343 651 389 674 ex
411 637 550 681 Ithaca,
573 649 696 673 comes
715 635 871 671 infelicis
896 634 1009 676 Ulixi,

41 689 188 726 Nomen
207 690 488 732 Achemenides,
511 689 661 737 Trojani
679 689 850 737 genitore
870 688 1075 724 Adamasto

44 742 211 791 Paupere
231 741 513 793 (mansissetque
528 743 670 780 utinam
689 741 899 789 Fortunat)
920 740 1117 789 profectus,
1135 738 1211 776 615

42 795 116 832 Hic
136 809 204 840 me,
226 796 315 833 dum
334 797 471 846 trepidi
491 795 655 834 crudelia
674 795 803 832 limina
820 795 1010 844 linquunt,

42 848 278 886 Immemores
298 851 385 888 socii
407 856 512 888 vasto
533 849 707 899 Cyclopis
725 849 764 885 in
785 854 893 886 antro

39 901 258 940 Deseruere.
315 903 460 941 Domus
479 904 581 941 sanie
601 903 837 952 dapibusque
856 902 1022 939 cruentis

37 955 144 992 Intus
163 968 287 1005 opaca,
309 957 466 1005 ingens:
495 957 574 1006 ipse
596 957 747 1000 arduus,
769 956 918 1003 altaque
937 956 1062 1004 pulsat

39 1008 180 1053 Sidera,
205 1009 286 1058 (Di,
308 1011 419 1047 talem
439 1012 548 1048 terris
568 1010 729 1048 avertite
747 1014 889 1058 pestem
911 1007 938 1058 1)
1130 1007 1210 1046 620

35 1059 115 1098 Nec
130 1063 210 1098 visu
230 1063 359 1108 facilis,
381 1076 448 1100 nec
468 1064 572 1101 dictu
592 1064 749 1101 affabilis
769 1062 859 1099 ulli:

37 1114 249 1152 Visceribus
270 1116 485 1153 miserorum
506 1123 543 1155 et
562 1117 744 1165 sanguine
759 1116 920 1153 vescitur
940 1120 1032 1152 atro.

36 1167 124 1204 Vidi
143 1175 301 1217 egomet,
324 1170 398 1207 duo
418 1170 464 1206 de
484 1183 639 1208 numero
654 1183 768 1219 quum
787 1181 944 1218 corpora
964 1174 1102 1213 nostro,

37 1221 172 1258 Prensa
191 1235 302 1259 manu
323 1235 470 1272 magna,
493 1224 616 1261 medio
636 1223 834 1272 resupinus
853 1223 892 1258 in
911 1226 1032 1265 antro,

36 1274 240 1323 Frangeret
259 1277 306 1312 ad
326 1278 466 1323 saxu‘m,
489 1279 662 1327 sanieque
677 1289 850 1325 exspersa
868 1281 1042 1313 natarent
1133 1273 1209 1312 625

36 1328 182 1365 Limina
198 1342 205 1365 :
237 1329 311 1366 vidi
331 1336 409 1367 atro
430 1343 544 1379 quum
564 1331 730 1368 membra
748 1330 903 1367 fluentia
921 1331 1010 1366 tabo

34 1382 242 1426 Manderet,
264 1387 301 1419 et
321 1384 437 1432 tepidi
457 1390 661 1422 tremerent
681 1384 750 1420 sub
770 1384 948 1421 dentibus
967 1388 1083 1420 artus.

34 1434 150 1471 Haud
170 1435 321 1483 impune
341 1437 512 1486 quidem3
543 1451 612 1475 nec
630 1438 719 1476 talia
740 1449 868 1486 passus
890 1437 1031 1481 Ulixes,

35 1487 233 1526 Oblitusve
252 1489 307 1525 sui
328 1496 384 1527 est
406 1491 557 1529 Ithacus
577 1491 790 1528 discrimine
810 1495 928 1528 tanto.

33 1541 143 1586 Nam,
166 1541 285 1586 simul,
307 1544 476 1592 expletus
497 1545 667 1594 dapibus,
689 1545 849 1593 vinoque
868 1544 1047 1593 sepultus,
1132 1542 1209 1580 630

34 1594 225 1632 Cervicem
246 1595 418 1634 inflexam
439 1599 579 1647 posuit,
597 1598 792 1646 jacuitque
811 1610 878 1646 per
898 1603 1049 1635 antrum

34 1648 254 1692 Immensus,
277 1650 416 1687 saniem
440 1658 629 1697 eructans,
646 1664 688 1689 ao
707 1652 826 1689 frusta
845 1657 1014 1696 cruento,

33 1701 106 1738 Per
125 1713 308 1747 somnum,
329 1705 532 1743 commixta
553 1718 676 1749 mero3
705 1717 786 1750 nos,
806 1717 944 1753 magna
963 1704 1103 1753 precati

32 1755 211 1800 Numina,
233 1757 427 1805 sortitique
447 1758 555 1804 vices,
577 1771 652 1795 una
671 1759 837 1807 undique
857 1759 995 1795 circum

32 1807 253 1854 Fundimur,
276 1814 314 1846 et
332 1811 409 1848 telo
428 1812 555 1848 lumen
574 1812 809 1850 terebramus
828 1816 939 1849 acuto
1129 1811 1207 1849 635

30 1861 180 1911 Ingens,
203 1863 303 1911 quod
321 1869 429 1901 torva
447 1865 566 1901 solum
587 1866 655 1902 sub
672 1865 797 1902 fronte
814 1865 966 1910 latebat,

29 1916 197 1964 Argolici
217 1915 325 1964 clipei
344 1923 410 1955 aut
431 1918 626 1957 Phoebeae
645 1919 828 1968 lampadis
846 1919 986 1956 instar:

30 1968 79 2006 Et
99 1970 250 2007 tandem
267 1971 356 2008 laeti
376 1972 558 2009 sociorum
582 1973 797 2010 ulciscimur
814 1973 978 2010 umbras.

30 2022 104 2059 Sed
121 2023 252 2072 fugite,
273 2036 295 2060 o
315 2025 439 2063 miseri
460 2025 468 2062 !
499 2027 631 2076 fugite,
653 2032 766 2076 atque
785 2026 833 2063 ab
851 2026 979 2064 littore
999 2025 1125 2062 funem

30 2075 213 2126 Rumpite
230 2091 237 2114 :
1130 2077 1207 2114 640

28 2129 140 2175 Nam,
161 2132 279 2180 qualis
297 2138 531 2181 quantusque
550 2146 641 2171 cavo
662 2133 917 2184 Polyphemus
933 2134 972 2169 in
992 2138 1101 2169 antro

30 2182 235 2232 Lanigeras
254 2185 395 2224 claudit
412 2187 585 2235 pecudes,
606 2193 719 2236 atque
738 2187 853 2224 ubera
873 2193 1032 2235 pressat,

29 2236 191 2276 Centum
213 2241 273 2277 alii
295 2252 407 2278 curva
425 2240 516 2277 haec
534 2241 706 2280 habitant
726 2240 773 2277 ad
791 2241 920 2277 littora
940 2239 1051 2288 volgo

30 2291 177 2328 Infandi
201 2292 393 2342 Cyclopes,
415 2300 452 2331 et
472 2294 556 2331 altis
577 2294 766 2332 montibus
786 2293 927 2331 errant.

29 2345 157 2382 Tertia
172 2345 250 2394 jam
274 2348 407 2384 Lunae
422 2359 461 2383 se
479 2360 620 2385 cornua
637 2348 780 2384 lumine
799 2346 1001 2395 complent,
1128 2346 1204 2384 645

30 2399 155 2445 Quum
179 2400 294 2438 vitam
315 2402 355 2437 in
375 2400 486 2446 silvis,
508 2401 608 2439 inter
628 2402 777 2439 deserta
795 2400 956 2438 ferarum
