1475 2712
489 219 681 250 Anxnmos
698 218 743 248 11.
1144 209 1193 246 31

54 317 164 355 Urbis
181 317 252 355 iter
267 330 277 355 :
306 317 393 355 Nox
410 320 490 355 atra
507 328 597 353 cava
613 314 852 353 circumvolat
868 314 1012 352 umbra.
1124 316 1203 354 360

51 371 144 416 Quis
161 371 302 408 cladem
320 370 418 408 illius
434 369 563 412 noctis,
583 369 665 417 quis
681 368 812 406 funera
828 368 942 406 fando

51 424 231 473 Explicet,
252 429 316 462 aut
334 423 447 473 possit
467 423 626 460 lacrimis
644 435 799 470 aequare
817 422 961 459 labores
975 421 995 458 1>

52 477 151 514 Urbs
168 478 318 526 antiqua
335 476 421 521 ruit,
441 476 576 513 multos
596 476 786 513 dominata
804 487 870 524 per
888 487 1027 518 annos;
1046 473 1050 477 ⁴

51 530 214 568 Plurima
227 543 364 580 perque
383 530 458 566 vias
476 529 837 567 sternunturinertia
856 529 989 577 passim

51 583 225 633 Corpora,
246 595 381 633 perque
399 583 538 627 domos,
559 587 597 620 et
615 582 786 631 religiosa
806 583 959 620 deorum
1128 587 1204 624 365

48 637 204 675 Limina.
258 637 338 674 Nec
348 637 414 674 soli
434 649 568 686 poenas
586 636 678 673 dant
696 635 874 684 sanguine
894 636 1024 675 Teucri
1039 651 1048 673 z

51 691 249 735 Quondam
267 691 376 728 etiam
395 690 500 728 victis
519 689 616 727 redit
633 689 670 725 in
690 690 903 737 praecordia
922 691 1050 738 virtus,

50 743 289 792 Victoresque
307 744 446 782 cadunt
466 743 599 781 Danai.
657 742 828 779 Crudelis
846 743 982 792 ubique

50 797 202 842 Luctus,
222 797 358 846 ubique
377 809 499 846 pavor,
520 801 559 834 et
575 796 731 845 plurima
750 796 877 834 mortis
896 797 1034 847 imago.

103 850 246 887 Primus
265 863 315 897 se,
332 850 504 888 Danaum
520 863 653 897 magna
671 849 871 888 comitante
889 857 1047 898 caterva,
1127 856 1206 894 370

48 903 270 952 Androgeus
283 903 391 942 offert
409 903 525 948 nobis,
546 903 644 940 socia
663 903 810 952 agmina
829 904 992 950 credens,

52 956 191 994 Inscius
207 970 216 1001 ;
245 962 356 1006 atque
374 957 474 997 ultro
493 957 612 995 verbis
631 957 830 1006 compellat
849 957 997 1002 amicis;

53 1010 248 1054 Festinate‚
269 1011 347 1055 viri,
369 1023 450 1046 nam
470 1023 562 1058 quae
579 1015 655 1048 tam
674 1023 754 1047 sera
771 1016 935 1048 moratur

49 1063 232 1112 Segnities
247 1063 266 1100 ἑ)
293 1064 354 1100 alii
371 1063 520 1112 rapiunt
538 1064 687 1100 incensa
704 1063 900 1113 feruntque

50 1116 252 1165 Pergama:
282 1130 346 1154 vos
364 1117 468 1154 celsis
487 1129 586 1154 nunc
605 1117 758 1165 primum
780 1129 801 1153 a
816 1118 970 1155 navibus
988 1119 1050 1158 itis
1064 1121 1084 1158 Ρ
1128 1122 1205 1161 375

50 1170 178 1209 Dixit:
207 1175 245 1208 et
263 1170 447 1219 extemplo
467 1168 603 1219 (neque
621 1171 717 1207 enim
737 1182 910 1219 responsa
928 1172 1113 1212 dabantur

51 1223 143 1261 Fida
159 1222 263 1274 satis)
283 1224 396 1262 sensit
414 1224 552 1261 medios
571 1224 741 1272 delapsus
759 1223 797 1260 in
817 1223 943 1263 hostis.

51 1276 267 1327 Obstupuit,
287 1282 460 1326 retroque
478 1277 609 1326 pedem
629 1290 712 1314 cum
727 1289 817 1314 voce
835 1280 1021 1327 repressit.

52 1330 292 1379 Improvisum
312 1331 425 1379 aspris
444 1331 558 1368 veluti
576 1331 636 1379 qui
656 1331 821 1369 sentibus
839 1344 998 1381 anguem

52 1384 190 1421 Pressit
208 1384 309 1420 humi
328 1384 462 1426 nitens,
481 1385 722 1433 trepidusque
741 1390 894 1434 repente
912 1387 1050 1436 refugit
1129 1390 1207 1427 380

49 1437 280 1475 Attolentem
299 1438 382 1483 iras,
403 1442 441 1475 et
459 1438 604 1475 caerula
622 1439 715 1475 colla
733 1443 936 1477 tumentem
952 1454 960 1484 ;

51 1490 166 1527 Haud
178 1503 281 1532 secus
299 1491 523 1540 Androgeus
541 1491 622 1529 visu
641 1491 873 1530 tremefactus
890 1494 1039 1533 abibat:

53 1543 385 1589 Irruimus‚·densis
404 1552 439 1583 et
460 1545 787 1582 circumfundimur
805 1546 915 1584 armis
931 1560 940 1591 ;

53 1597 279 1646 Ignarosque
297 1598 368 1640 loci
386 1598 528 1647 passim,
548 1604 587 1636 et
604 1599 801 1636 formidine
818 1604 957 1648 captos,

52 1650 269 1689 Sternimus.
324 1652 500 1700 Adspirat
519 1652 635 1701 primo
654 1652 802 1690 fortuna
821 1654 952 1695 labori.
1130 1658 1206 1695 385

52 1704 177 1753 Atque
194 1704 263 1750 hic,
284 1717 452 1742 successu
471 1706 662 1743 exsultans
680 1705 893 1756 animisque,
915 1707 1128 1748 Coroebus:

54 1757 88 1794 Ο
107 1757 219 1796 socii!
248 1770 320 1805 qua
339 1758 468 1808 prima,
487 1759 616 1808 inquit,
635 1759 785 1798 fortuna
803 1760 931 1798 salutis

54 1811 238 1849 Monstrat
256 1812 337 1856 iter,
358 1824 502 1861 quaque
519 1813 684 1850 ostendit
702 1825 741 1850 se
759 1813 903 1859 dextra,
923 1827 1132 1863 sequamur.

52 1864 238 1903 Mutemus
257 1865 402 1913 clipeos,
423 1865 668 1915 Danaumque
684 1866 844 1915 insignia
861 1868 967 1905 nobis

51 1919 232 1968 Aptemus
252 1931 260 1955 :
289 1918 407 1963 dolus,
427 1932 475 1956 an
493 1920 619 1965 virtus,
641 1920 721 1968 quis
735 1921 772 1957 in
792 1921 899 1960 hoste
911 1923 1105 1972 requirat?
1130 1925 1208 1964 390.

53 1972 168 2009 Arma
185 1972 327 2009 dabunt
345 1972 429 2021 ipsi.
483 1972 544 2010 Sic
561 1973 669 2019 fatus,
689 1974 824 2011 deinde
841 1982 1047 2014 comantem

54 2025 245 2074 Androgei
262 2025 415 2073 galeam,
435 2026 613 2075 clipeique
630 2027 775 2076 insigne
793 2028 980 2073 decorum,

53 2076 237 2124 Induitur,
257 2079 435 2128 laterique
454 2080 634 2129 Argivum
653 2083 904 2120 accommodat
919 2095 1055 2121 ensem.

54 2130 140 2169 Hoc
160 2131 336 2180 Rhipeus,
355 2132 426 2170 hoc
440 2133 517 2182 ipse
535 2133 688 2184 Dymas,
707 2135 897 2183 omnisque
908 2136 1089 2185 juventus

55 2184 172 2222 Laeta
189 2185 299 2223 facit:
328 2186 452 2234 spoliis
470 2199 510 2224 se
525 2187 678 2236 quisque
696 2189 906 2227 recentibus
925 2196 1056 2229 armat.
1128 2193 1210 2231 395

54 2237 234 2276 Vadimus
250 2239 408 2277 immixti
425 2239 566 2279 Danais
583 2241 682 2279 haud
701 2242 852 2279 numine
869 2248 1007 2289 nostro,

55 2291 249 2340 Multaque
265 2305 331 2342 per
349 2305 494 2330 caecam
511 2295 697 2343 congressi
713 2295 852 2344 proelia
869 2301 1015 2335 noctem

57 2344 314 2389 Conserimus;
341 2346 477 2385 multos
495 2347 670 2385 Danaum
686 2348 916 2388 demittimus
933 2349 1046 2390 Orco.

55 2397 270 2448 Diffugiunt
285 2400 348 2437 alii
363 2400 412 2443 ad
429 2400 546 2447 navis,
563 2406 602 2440 et
618 2401 745 2440 littora
762 2414 872 2441 cursu
1074 2411 1076 2413 ’

59 2451 153 2490 Fida
168 2456 302 2505 petunt
318 2466 331 2492 ε
353 2465 442 2505 pau-s
453 2453 645 2506 ingeQO
661 2455 860 2501 formidine
875 2457 978 2509 turpi
1134 2461 1210 2499 400
