1475 2712
97 201 160 252 11.]
242 200 245 207 “
612 212 733 240 usu.

103 308 183 346 Aut
201 310 286 358 quia
303 310 455 360 placatis
473 314 560 347 sunt
577 313 743 358 tempora
761 321 854 358 pura
871 309 1084 360 sepulchris,

156 362 263 401 Tunc
280 376 364 401 cum
381 363 510 401 ferales
527 363 736 412 praeteriere
754 362 844 407 dies,

104 415 227 454 Omne
244 417 357 462 nefas,
377 429 595 465 omnemque
612 416 699 452 mali
717 416 937 465 purgamina.
955 430 1100 455 causam

157 469 370 508 Credebant
389 470 505 508 nostri
520 470 650 508 tollere
668 482 775 518 posse
793 482 909 506 senes.

104 523 250 561 Graecia
267 524 486 573 principium
504 523 615 560 moris
633 522 717 560 fuit.
773 522 842 560 Illa
860 529 1033 562 nocentes

156 576 272 626 Impia
290 577 463 615 lustratos
480 589 618 626 ponere
636 577 733 613 facta
746 582 867 626 putat.

102 630 306 668 Actoriden
323 631 465 675 Peleus,
485 631 605 679 ipsum
622 642 770 679 quoque
791 630 901 667 Pelea
922 631 1035 668 Phoci

156 683 269 721 Caede
286 697 350 734 per
368 683 583 721 Haemonias
601 683 710 721 solvit
730 684 886 721 Acastus
906 697 1030 734 aquas.

104 738 259 775 Vectam
276 738 428 775 frenatis
446 750 513 787 per
530 737 640 774 inane
658 737 880 774 draconibus
898 737 1034 787 AEgeus

158 790 340 828 Credulus
354 792 534 829 immerita
556 790 714 828 Phasida
727 789 826 839 juvit
845 803 927 840 ope.

103 844 384 894 Amphiaraides
402 845 620 894 Naupactoo
638 843 815 889 Acheloo,

156 898 266 936 Solve
284 899 395 943 nefas,
416 899 512 937 dixit
531 912 539 940 ;
569 898 678 936 solvit
696 903 733 935 et
751 898 814 935 ille
832 898 944 936 nefas.

103 951 165 988 Ah
182 952 334 989 nimium
354 953 487 998 faciles,
509 952 570 1001 qui
589 952 710 990 tristia
727 952 879 989 crimina
898 953 1007 990 caedis

157 1005 349 1043 Fluminea
366 1007 448 1043 tolli
465 1018 571 1056 posse
589 1006 728 1055 putetis
748 1017 842 1053 aqua
861 1006 869 1043 l

100 1058 174 1096 Sed
192 1064 326 1104 tamen,
348 1061 485 1108 antiqui
507 1072 554 1096 ne
572 1060 715 1096 nescius
734 1059 873 1096 ordinis
892 1073 1001 1105 erres,

154 1112 308 1157 Primus,
331 1118 371 1150 ut
389 1119 455 1158 est,
474 1114 562 1151 Jani
580 1114 713 1150 mensis
733 1118 770 1150 et
789 1118 875 1150 ante
891 1114 973 1151 fuit.

102 1167 177 1212 Qui
196 1167 359 1215 sequitur
377 1167 527 1212 Janum,
548 1167 692 1212 veteris,
713 1166 782 1204 fuit
801 1167 950 1204 ultimus
969 1169 1070 1205 anni.

154 1220 213 1258 Tu
232 1232 376 1269 quoque
395 1233 592 1265 sacrorum,
616 1220 801 1266 Termine,
820 1221 903 1257 finis
922 1234 1015 1258 eras.

102 1273 248 1311 Primus
267 1274 365 1311 enim
380 1274 467 1311 Jani
487 1274 632 1319 mensis,
654 1274 738 1322 quia
750 1273 866 1321 janua
886 1274 1003 1322 prima
1021 1282 1102 1318 est;

154 1328 230 1374 Qui
248 1340 348 1365 sacer
367 1333 421 1365 est
441 1328 522 1364 imis
543 1328 730 1371 Manibus,
747 1328 841 1364 imus
861 1336 953 1365 erat.

103 1381 303 1419 Postmodo
322 1381 525 1419 creduntur
543 1382 660 1430 spatio
675 1381 852 1419 distantia
869 1381 982 1430 longo

154 1435 337 1484 Tempora
353 1435 410 1472 bis
429 1435 531 1483 quini
550 1436 782 1473 continuasse
800 1434 880 1471 viri.

102 1542 288 1592 Principio
305 1542 451 1586 mensis,
471 1541 646 1591 Phrygiae
665 1528 893 1582 contermina
913 1544 1024 1582 Matri

153 1596 299 1644 Sospita
317 1596 480 1633 delubris
500 1595 637 1633 dicitur
655 1602 763 1635 aucta
780 1597 895 1635 novis.

99 1650 135 1686 N
138 1662 210 1686 unc
229 1650 292 1686 ubi
311 1650 384 1687 sint
402 1649 486 1693 illis,
505 1649 647 1697 quaeris,
668 1659 809 1688 sacrata
829 1651 1008 1688 Kalendis

154 1703 310 1752 Templa
324 1703 402 1740 deae
423 1704 441 1740 ἒ)
469 1703 582 1751 longo
602 1705 830 1752 procubuere
850 1706 923 1742 dic.

101 1758 245 1794 Caetera
262 1769 309 1794 ne
328 1757 435 1794 simili
454 1757 628 1794 caderent
646 1757 827 1796 labefacta
845 1759 963 1801 ruina,

152 1810 258 1848 Cavit
278 1811 409 1848 sacrati
429 1811 582 1860 provida
600 1823 688 1847 cura
706 1811 811 1849 ducis
831 1829 840 1848 :

99 1864 176 1901 Sub
195 1876 266 1912 quo
285 1864 447 1901 delubris
466 1865 623 1902 sentitur
636 1864 739 1901 nulla
758 1872 939 1904 senectus.

150 1918 229 1955 Nec
248 1917 335 1955 satis
354 1923 408 1955 est
427 1918 606 1959 homines,
627 1918 769 1967 obligat
788 1919 850 1957 ille
869 1920 971 1957 deos.

99 1971 332 2021 Templorum
351 1972 500 2020 positor,
520 1971 739 2020 templorum
755 1979 880 2011 sancte
899 1979 1077 2023 repostor,

151 2025 206 2062 Sit
225 2025 376 2074 superis„
396 2031 495 2074 opto,
516 2032 645 2062 mutua
663 2038 750 2063 cura
768 2027 836 2064 tui.

98 2079 201 2116 Dent
219 2079 287 2116 tibi
305 2079 478 2123 coelestes,
499 2087 588 2127 quot
605 2084 648 2116 tu
667 2080 881 2126 coelestibus,
903 2094 1030 2127 annos,

150 2131 295 2181 Proque
314 2138 378 2169 tua
398 2139 569 2170 maneant
583 2133 621 2168 in
641 2134 798 2170 statione
818 2135 938 2171 domo.

98 2185 194 2230 Tum
213 2197 355 2233 quoque
374 2186 483 2222 vicini
501 2186 604 2222 lucus
623 2187 828 2224 celebratur
847 2188 965 2237 Asyli,

149 2239 233 2284 Qua
251 2239 344 2288 petit
363 2251 546 2287 aequoreas
565 2240 708 2276 advena
728 2241 849 2278 Tibris
865 2254 985 2289 aquas.

94 2292 156 2329 Ad
175 2293 363 2342 penetrale
382 2294 527 2337 Numae,
550 2293 869 2343 Capitolinumque
890 2296 1110 2339 Tonantem,

147 2346 263 2394 Inque
276 2345 381 2383 Jovis
400 2359 540 2383 summa
558 2347 713 2383 caeditur
730 2360 812 2384 arce
830 2348 971 2385 bidens.

96 2399 201 2449 Saepe
219 2412 349 2448 graves
368 2400 509 2448 pluvias
528 2401 726 2449 adopertus
746 2402 904 2438 nubibus
924 2405 1059 2441 Auster

147 2453 330 2498 concitat,
351 2461 414 2491 aut
432 2454 550 2503 posita
568 2454 637 2491 sub
653 2454 738 2543 give
758 2461 855 2493 terra
870 2455 972 2493 latet.

1205 205 1255 243 25

1206 420 1255 456 35

1209 687 1260 723 40

1210 1222 1260 1259 50

1211 1814 1260 1853 60

1201 2350 1252 2388 70
