1414 2666
136 201 182 237 14
429 200 473 236 P.
507 197 753 237 VIRGILII
783 198 1044 237 MARONIS
1214 199 1324 250 [Lm.

131 305 336 343 Montibus
355 306 481 343 audiri
501 305 630 354 fragor
638 321 648 349 3
677 313 743 343 aut
763 306 984 344 resonantia
1002 306 1116 355 longe

130 360 265 396 Litora
284 358 448 404 misceri,
471 366 509 396 et
528 371 728 396 nemorum
747 360 1034 397 increbrescere
1053 372 1242 396 murmur.

130 412 158 449 J
162 426 223 450 am
244 413 315 449 sibi
337 419 418 449 tum
438 425 461 449 a
479 412 610 449 curvis
628 413 728 450 male
746 418 936 461 temperat
955 413 1059 450 unda
1072 413 1225 460 carinis,
1247 414 1327 451 360

133 465 235 502 Cum
257 466 384 503 medio
403 465 548 503 celeres
566 467 744 502 revolant
763 479 811 503 ex
833 478 983 514 aequore
1002 467 1137 514 mergi,

133 518 426 567 Clammemque
445 518 504 555 fe1
507 524 576 555 unt
595 519 644 556 ad
663 520 752 556 llt01
754 533 787 564 a,
807 531 970 567 cumque
991 519 1148 556 marinae

132 572 179 608 In
200 573 301 610 sicco
320 572 461 609 ludunt
479 571 618 616 fulicae,
640 579 824 620 notasque
844 573 1003 621 paludes

131 625 287 662 Deserit
307 632 420 673 atque
440 625 556 662 altam
576 637 691 674 supra
710 627 816 662 volat
835 626 950 663 ardea
968 626 1124 663 nubem.

132 676 240 726 Saepe
259 679 374 715 etiam
394 678 534 721 stellas,
556 686 672 715 vento
691 679 950 727 impendente,
971 679 1120 716 videbis
1247 679 1324 716 365

130 731 354 780 Praecipites
374 731 470 769 coelo
490 731 582 776 labi,
601 732 800 779 noctisque
819 745 889 781 per
909 733 1082 769 umbram

130 784 392 822 Flammarum
407 785 541 833 longos
561 797 582 821 a
601 790 711 834 tergo
730 785 922 822 albescere
940 791 1088 822 tractus
1095 799 1105 828 ;

131 836 238 886 Saepe
257 838 383 875 levem
402 837 550 886 paleam
570 844 609 874 et
629 837 787 875 frondes
807 838 970 875 volitare
989 838 1163 883 caducas,

130 892 215 928 Aut
236 904 385 928 summa
405 897 541 928 nantes
558 891 599 927 in
621 902 719 938 aqua
740 891 933 928 colludere
952 891 1112 940 plumas·

133 944 185 981 At
207 944 343 981 Boreae
364 944 410 981 de
431 951 540 992 parte
559 944 682 981 trucis
703 956 792 980 cum
811 943 1003 988 fulminat,
1024 951 1062 982 et
1082 957 1170 982 cum
1247 944 1327 983 370

130 996 305 1045 Eurique
326 997 573 1047 Zephyrique
590 1004 699 1034 tonat
719 998 871 1041 domus;
894 997 1022 1034 omnia
1042 997 1166 1046 plenis

129 1050 239 1088 Rura
257 1057 393 1088 natant
412 1050 536 1095 fossis,
557 1056 671 1098 atque
690 1051 814 1087 omnis
831 1052 961 1088 navita
979 1058 1099 1100 ponto

129 1103 302 1141 Humida
321 1104 408 1141 vela
426 1104 536 1152 legit.
592 1104 815 1153 Numquam
835 1104 1146 1153 imprudentibus
1165 1104 1290 1141 imber

131 1156 286 1195 obfuit:
306 1163 374 1194 aut
392 1157 502 1194 illum
523 1164 745 1206 surgentem
765 1157 931 1195 vallibus
949 1158 1038 1195 imis

128 1211 264 1247 Aeriae
283 1210 419 1259 fugere
437 1223 571 1260 grues3
591 1217 657 1247 aut
677 1211 819 1248 bucula
838 1210 976 1247 coelum
1246 1209 1323 1249 375

131 1263 351 1312 Suspiciens
372 1264 513 1312 patulis
532 1263 702 1311 captavit
721 1264 880 1301 naribus
899 1276 1012 1301 auras
1018 1278 1029 1306 ;

129 1319 214 1354 Aut
234 1323 372 1366 arguta
391 1317 497 1354 lacus
516 1317 842 1354 circumvolitavit
861 1317 1044 1360 hirundo3

129 1369 182 1407 Et
201 1376 373 1407 veterem
389 1370 431 1406 in
449 1369 542 1406 limo
561 1382 666 1407 ranae
685 1370 858 1407 cecinere
877 1370 1087 1419 querelam.

133 1422 282 1472 Saepius
302 1429 341 1460 et
360 1423 473 1460 tectis
492 1423 754 1471 penetralibus
774 1423 916 1461 extulit
935 1436 1009 1461 ova

129 1475 351 1525 Angustum
380 1475 542 1514 formica
560 1483 689 1513 terens
707 1477 782 1514 iter
789 1491 800 1521 3
823 1483 862 1514 et
881 1476 980 1514 bibit
998 1477 1136 1526 ingens
1245 1478 1324 1514 380

127 1530 274 1573 Arcus3
295 1536 332 1567 et
353 1542 374 1567 e
394 1535 505 1577 pastu
524 1529 713 1567 decedens
731 1530 885 1579 agmine
903 1542 1044 1578 magno

129 1582 346 1621 Corvorum
364 1583 560 1632 increpuit
579 1583 709 1621 densis
729 1583 923 1621 exercitus
943 1583 1025 1621 alis.

127 1636 218 1674 Jam
241 1636 359 1673 variae
378 1636 502 1685 pelagi
524 1635 713 1681 volucres,
733 1643 772 1674 et
791 1649 876 1685 quae
897 1637 997 1674 Asia
1014 1636 1161 1674 circum

126 1689 317 1727 Dulcibus
336 1690 377 1726 in
398 1689 546 1738 stagnis
559 1690 752 1726 rimantur
770 1697 881 1739 prata
901 1689 1070 1740 Caystri,

128 1742 317 1780 Certatim
336 1742 463 1792 largos
483 1743 654 1780 humeris
674 1742 880 1780 infundere
898 1756 1016 1788 rores,
1246 1743 1323 1780 385

125 1795 241 1833 Nunc
260 1802 376 1845 caput
396 1795 589 1844 objectare
608 1795 729 1841 fretis,
751 1809 853 1834 nunc
873 1809 1029 1833 currere
1048 1796 1089 1832 in
1110 1796 1243 1841 undas,

125 1849 178 1885 Et
198 1849 326 1886 studio
344 1849 537 1886 incassum
557 1849 690 1886 videas
709 1850 852 1898 gestire
871 1849 1040 1887 lavandi.

126 1901 229 1939 Tum
249 1902 386 1939 cornix
404 1902 517 1951 plena
537 1902 710 1951 pluviam
729 1909 842 1940 vocat
859 1903 1035 1952 improba
1055 1914 1161 1947 voce,

126 1955 179 1992 Et
199 1955 280 1992 sola
297 1955 338 1991 in
359 1955 459 1993 sicca
479 1967 607 1992 secum
629 1956 819 2004 spatiatur
837 1968 966 1993 arena.

126 2008 188 2046 Ne
208 2014 398 2046 nocturna
415 2009 571 2057 quidem
591 2015 792 2058 carpentes
811 2022 930 2058 pensa
949 2008 1087 2058 puellae
1243 2010 1323 2046 390

126 2062 340 2100 Nescivere
360 2062 540 2107 hiemem,
559 2069 659 2099 testa
678 2075 765 2100 cum
786 2063 943 2100 ardente
964 2063 1142 2100 viderent

129 2115 350 2153 Scintillare
368 2115 507 2161 oleum,
529 2121 568 2153 et
586 2122 719 2164 putres
738 2128 984 2154 concrescere
1002 2115 1153 2164 fungos.

179 2168 220 2205 N
222 2181 265 2206 ec
283 2168 413 2206 minus
432 2181 482 2206 ex
500 2169 617 2206 imbri
637 2169 735 2207 soles
754 2176 793 2207 et
813 2176 946 2218 aperta
965 2182 1101 2207 serena.

125 2221 354 2270 Prospicere
373 2228 411 2259 et
430 2222 546 2260 certis
566 2223 708 2270 poteris
727 2235 957 2272 cognoscere
975 2222 1111 2272 signis.

125 2274 230 2311 Nam
249 2287 374 2323 neque
394 2281 476 2312 tum
496 2275 618 2313 stellis
637 2276 737 2314 acies
756 2278 893 2314 obtusa
911 2276 1077 2321 videtur,
1241 2275 1319 2312 395

126 2327 213 2365 Nec
231 2327 363 2365 fratris
382 2329 501 2366 radiis
521 2330 692 2367 obnoxia
711 2342 870 2379 surgere
889 2329 1017 2374 Luna,

128 2380 280 2418 Tenuia
298 2393 369 2419 nec
388 2381 485 2419 lanae
507 2395 574 2431 per
593 2383 732 2420 coelum
751 2383 894 2420 vellera
915 2382 1025 2427 ferri3

127 2433 218 2471 Non
238 2434 411 2483 tepidum
431 2436 479 2473 ad
499 2436 616 2474 solem
638 2449 783 2485 pennas
802 2437 842 2473 in
861 2436 974 2474 litore
993 2435 1169 2485 pandunt
