<?xml version="1.0" encoding="UTF-8"?>
<!DOCTYPE html PUBLIC "-//W3C//DTD XHTML 1.0 Transitional//EN"
    "http://www.w3.org/TR/xhtml1/DTD/xhtml1-transitional.dtd">
<html xmlns="http://www.w3.org/1999/xhtml" xml:lang="en" lang="en">
 <head>
  <title>
</title>
<meta http-equiv="Content-Type" content="text/html;charset=utf-8" />
  <meta name='ocr-system' content='tesseract 3.04.00' />
  <meta name='ocr-capabilities' content='ocr_page ocr_carea ocr_par ocr_line ocrx_word'/>
</head>
<body>
  <div class='ocr_page' id='page_1' title='image "./curriculumlatinu02mont_0240.png"; bbox 0 0 1414 2666; ppageno 0'>
   <div class='ocr_carea' id='block_1_1' title="bbox 158 160 1321 212">
    <p class='ocr_par' dir='ltr' id='par_1_1' title="bbox 158 160 1321 212">
     <span class='ocr_line' id='line_1_1' title="bbox 158 160 1321 212; baseline 0.003 -15"><span class='ocrx_word' id='word_1_1' title='bbox 158 160 208 198; x_wconf 82' lang='lat'>28</span> <span class='ocrx_word' id='word_1_2' title='bbox 554 171 590 199; x_wconf 83' lang='lat' dir='ltr'>P.</span> <span class='ocrx_word' id='word_1_3' title='bbox 621 171 745 199; x_wconf 77' lang='lat' dir='ltr'>ovum</span> <span class='ocrx_word' id='word_1_4' title='bbox 771 171 933 199; x_wconf 69' lang='lat' dir='ltr'>NAsoms</span> <span class='ocrx_word' id='word_1_5' title='bbox 1226 160 1321 212; x_wconf 73' lang='lat' dir='ltr'>[un.</span> 
     </span>
    </p>
   </div>
   <div class='ocr_carea' id='block_1_2' title="bbox 158 267 1324 2411">
    <p class='ocr_par' dir='ltr' id='par_1_2' title="bbox 158 267 1324 2411">
     <span class='ocr_line' id='line_1_2' title="bbox 159 267 1079 319; baseline 0.002 -14"><span class='ocrx_word' id='word_1_6' title='bbox 159 267 287 306; x_wconf 76' lang='lat' dir='ltr'>Tertia</span> <span class='ocrx_word' id='word_1_7' title='bbox 304 279 379 304; x_wconf 85' lang='lat' dir='ltr'>nox</span> <span class='ocrx_word' id='word_1_8' title='bbox 394 267 518 305; x_wconf 82' lang='lat' dir='ltr'>veniat</span> <span class='ocrx_word' id='word_1_9' title='bbox 537 280 545 303; x_wconf 77' lang='lat' dir='ltr'>t</span> <span class='ocrx_word' id='word_1_10' title='bbox 568 267 771 307; x_wconf 84' lang='lat' dir='ltr'><strong>Custodem</strong></span> <span class='ocrx_word' id='word_1_11' title='bbox 788 269 957 319; x_wconf 80' lang='lat' dir='ltr'>protinus</span> <span class='ocrx_word' id='word_1_12' title='bbox 973 268 1079 307; x_wconf 78' lang='lat' dir='ltr'>Ursae</span> 
     </span>
     <span class='ocr_line' id='line_1_3' title="bbox 209 321 946 372; baseline 0.004 -14"><span class='ocrx_word' id='word_1_13' title='bbox 209 321 402 369; x_wconf 86' lang='lat' dir='ltr'>Adspicies</span> <span class='ocrx_word' id='word_1_14' title='bbox 420 321 583 369; x_wconf 81' lang='lat' dir='ltr'>geminos</span> <span class='ocrx_word' id='word_1_15' title='bbox 601 323 803 361; x_wconf 82' lang='lat' dir='ltr'><strong>exseruisse</strong></span> <span class='ocrx_word' id='word_1_16' title='bbox 821 323 946 372; x_wconf 84' lang='lat' dir='ltr'>pedes.</span> 
     </span>
     <span class='ocr_line' id='line_1_4' title="bbox 158 373 1316 424; baseline 0.002 -12"><span class='ocrx_word' id='word_1_17' title='bbox 158 376 259 413; x_wconf 84' lang='lat' dir='ltr'>luter</span> <span class='ocrx_word' id='word_1_18' title='bbox 277 373 563 424; x_wconf 83' lang='lat' dir='ltr'>Hamadryadas</span> <span class='ocrx_word' id='word_1_19' title='bbox 575 375 904 424; x_wconf 84' lang='lat' dir='ltr'>jaculatricemque</span> <span class='ocrx_word' id='word_1_20' title='bbox 922 375 1083 414; x_wconf 81' lang='lat' dir='ltr'><strong>Dianam</strong></span> <span class='ocrx_word' id='word_1_21' title='bbox 1241 376 1316 415; x_wconf 85' lang='lat'>155</span> 
     </span>
     <span class='ocr_line' id='line_1_5' title="bbox 211 428 1249 478; baseline 0 -12"><span class='ocrx_word' id='word_1_22' title='bbox 211 428 365 466; x_wconf 81' lang='lat' dir='ltr'>Callisto</span> <span class='ocrx_word' id='word_1_23' title='bbox 384 429 477 465; x_wconf 85' lang='lat' dir='ltr'>sacri</span> <span class='ocrx_word' id='word_1_24' title='bbox 495 441 579 478; x_wconf 79' lang='lat' dir='ltr'>pars</span> <span class='ocrx_word' id='word_1_25' title='bbox 597 429 667 468; x_wconf 90' lang='lat' dir='ltr'>fuit</span> <span class='ocrx_word' id='word_1_26' title='bbox 685 443 760 468; x_wconf 86' lang='lat' dir='ltr'>una</span> <span class='ocrx_word' id='word_1_27' title='bbox 779 430 892 468; x_wconf 87' lang='lat' dir='ltr'>chori.</span> <span class='ocrx_word' id='word_1_28' title='bbox 1246 442 1249 445; x_wconf 90' lang='lat'>·</span> 
     </span>
     <span class='ocr_line' id='line_1_6' title="bbox 160 482 1118 533; baseline 0.002 -14"><span class='ocrx_word' id='word_1_29' title='bbox 160 482 227 519; x_wconf 82' lang='lat' dir='ltr'>Illa</span> <span class='ocrx_word' id='word_1_30' title='bbox 245 482 323 519; x_wconf 87' lang='lat' dir='ltr'>deae</span> <span class='ocrx_word' id='word_1_31' title='bbox 343 486 501 531; x_wconf 81' lang='lat' dir='ltr'>tangens</span> <span class='ocrx_word' id='word_1_32' title='bbox 520 496 637 529; x_wconf 83' lang='lat' dir='ltr'>arcus,</span> <span class='ocrx_word' id='word_1_33' title='bbox 660 484 763 530; x_wconf 77' lang='lat' dir='ltr'>Quos</span> <span class='ocrx_word' id='word_1_34' title='bbox 781 483 981 533; x_wconf 81' lang='lat' dir='ltr'>tangimus,</span> <span class='ocrx_word' id='word_1_35' title='bbox 1001 496 1118 529; x_wconf 88' lang='lat' dir='ltr'>arcus,</span> 
     </span>
     <span class='ocr_line' id='line_1_7' title="bbox 210 536 880 586; baseline 0.004 -14"><span class='ocrx_word' id='word_1_36' title='bbox 210 536 300 573; x_wconf 85' lang='lat' dir='ltr'>Este</span> <span class='ocrx_word' id='word_1_37' title='bbox 319 548 409 572; x_wconf 86' lang='lat' dir='ltr'>meae</span> <span class='ocrx_word' id='word_1_38' title='bbox 429 541 541 574; x_wconf 85' lang='lat' dir='ltr'>testes</span> <span class='ocrx_word' id='word_1_39' title='bbox 561 538 795 586; x_wconf 84' lang='lat' dir='ltr'>virginitatis,</span> <span class='ocrx_word' id='word_1_40' title='bbox 816 537 880 575; x_wconf 85' lang='lat' dir='ltr'>ait.</span> 
     </span>
     <span class='ocr_line' id='line_1_8' title="bbox 160 590 1070 640; baseline 0.003 -15"><span class='ocrx_word' id='word_1_41' title='bbox 160 590 322 639; x_wconf 89' lang='lat' dir='ltr'>Cynthia</span> <span class='ocrx_word' id='word_1_42' title='bbox 337 590 513 635; x_wconf 83' lang='lat' dir='ltr'>laudavit,</span> <span class='ocrx_word' id='word_1_43' title='bbox 530 590 786 640; x_wconf 78' lang='lat' dir='ltr'>Promissaque</span> <span class='ocrx_word' id='word_1_44' title='bbox 804 591 942 629; x_wconf 88' lang='lat' dir='ltr'>foedera</span> <span class='ocrx_word' id='word_1_45' title='bbox 955 604 1070 637; x_wconf 85' lang='lat' dir='ltr'>serva,</span> 
     </span>
     <span class='ocr_line' id='line_1_9' title="bbox 212 643 1318 694; baseline 0.002 -14"><span class='ocrx_word' id='word_1_46' title='bbox 212 643 261 681; x_wconf 79' lang='lat' dir='ltr'>Et</span> <span class='ocrx_word' id='word_1_47' title='bbox 275 644 451 682; x_wconf 86' lang='lat' dir='ltr'>comitum</span> <span class='ocrx_word' id='word_1_48' title='bbox 469 644 641 694; x_wconf 88' lang='lat' dir='ltr'>princeps</span> <span class='ocrx_word' id='word_1_49' title='bbox 660 651 702 683; x_wconf 83' lang='lat' dir='ltr'>tu</span> <span class='ocrx_word' id='word_1_50' title='bbox 721 645 822 691; x_wconf 88' lang='lat' dir='ltr'>mihi,</span> <span class='ocrx_word' id='word_1_51' title='bbox 843 645 951 690; x_wconf 81' lang='lat' dir='ltr'>dixit,</span> <span class='ocrx_word' id='word_1_52' title='bbox 971 645 1054 682; x_wconf 89' lang='lat' dir='ltr'>eris.</span> <span class='ocrx_word' id='word_1_53' title='bbox 1242 644 1318 682; x_wconf 88' lang='grc'>160</span> 
     </span>
     <span class='ocr_line' id='line_1_10' title="bbox 160 696 1003 743; baseline 0.001 -9"><span class='ocrx_word' id='word_1_54' title='bbox 160 696 314 734; x_wconf 81' lang='lat' dir='ltr'>Foedera</span> <span class='ocrx_word' id='word_1_55' title='bbox 335 703 524 743; x_wconf 80' lang='lat' dir='ltr'>servasset,</span> <span class='ocrx_word' id='word_1_56' title='bbox 544 698 573 735; x_wconf 88' lang='lat' dir='ltr'>si</span> <span class='ocrx_word' id='word_1_57' title='bbox 593 711 667 735; x_wconf 87' lang='lat' dir='ltr'>non</span> <span class='ocrx_word' id='word_1_58' title='bbox 687 699 848 736; x_wconf 82' lang='lat' dir='ltr'>formosa</span> <span class='ocrx_word' id='word_1_59' title='bbox 865 698 1003 736; x_wconf 85' lang='lat' dir='ltr'>fuisset.</span> 
     </span>
     <span class='ocr_line' id='line_1_11' title="bbox 210 751 1029 796; baseline 0.004 -9"><span class='ocrx_word' id='word_1_60' title='bbox 210 751 319 789; x_wconf 80' lang='lat' dir='ltr'>Cavit</span> <span class='ocrx_word' id='word_1_61' title='bbox 338 751 510 789; x_wconf 82' lang='lat' dir='ltr'>mortales</span> <span class='ocrx_word' id='word_1_62' title='bbox 530 765 538 796; x_wconf 93' lang='lat'>;</span> <span class='ocrx_word' id='word_1_63' title='bbox 568 753 615 788; x_wconf 85' lang='lat' dir='ltr'>ab</span> <span class='ocrx_word' id='word_1_64' title='bbox 633 752 729 789; x_wconf 83' lang='lat' dir='ltr'>Jove</span> <span class='ocrx_word' id='word_1_65' title='bbox 747 752 888 789; x_wconf 82' lang='lat' dir='ltr'><strong>crimen</strong></span> <span class='ocrx_word' id='word_1_66' title='bbox 905 752 1029 790; x_wconf 87' lang='lat' dir='ltr'>habet.</span> 
     </span>
     <span class='ocr_line' id='line_1_12' title="bbox 159 804 991 855; baseline 0.002 -14"><span class='ocrx_word' id='word_1_67' title='bbox 159 804 262 841; x_wconf 84' lang='lat' dir='ltr'>Mille</span> <span class='ocrx_word' id='word_1_68' title='bbox 280 804 374 842; x_wconf 84' lang='lat' dir='ltr'>feras</span> <span class='ocrx_word' id='word_1_69' title='bbox 395 805 532 842; x_wconf 90' lang='lat' dir='ltr'>Phoebe</span> <span class='ocrx_word' id='word_1_70' title='bbox 550 805 662 855; x_wconf 78' lang='lat' dir='ltr'>sylvis</span> <span class='ocrx_word' id='word_1_71' title='bbox 681 811 815 843; x_wconf 83' lang='lat' dir='ltr'>venata</span> <span class='ocrx_word' id='word_1_72' title='bbox 832 805 991 850; x_wconf 81' lang='lat' dir='ltr'>redibat,</span> 
     </span>
     <span class='ocr_line' id='line_1_13' title="bbox 212 859 1064 907; baseline -0.001 -12"><span class='ocrx_word' id='word_1_73' title='bbox 212 860 290 896; x_wconf 86' lang='lat' dir='ltr'>Aut</span> <span class='ocrx_word' id='word_1_74' title='bbox 308 859 401 907; x_wconf 87' lang='lat' dir='ltr'>plus,</span> <span class='ocrx_word' id='word_1_75' title='bbox 422 864 487 897; x_wconf 88' lang='lat' dir='ltr'>aut</span> <span class='ocrx_word' id='word_1_76' title='bbox 505 859 669 896; x_wconf 88' lang='lat' dir='ltr'>medium</span> <span class='ocrx_word' id='word_1_77' title='bbox 688 859 765 896; x_wconf 88' lang='lat' dir='ltr'>sole</span> <span class='ocrx_word' id='word_1_78' title='bbox 782 864 934 897; x_wconf 88' lang='lat' dir='ltr'>tenente</span> <span class='ocrx_word' id='word_1_79' title='bbox 953 859 1064 896; x_wconf 89' lang='lat' dir='ltr'>diem.</span> 
     </span>
     <span class='ocr_line' id='line_1_14' title="bbox 164 910 1317 962; baseline -0.001 -14"><span class='ocrx_word' id='word_1_80' title='bbox 164 912 215 949; x_wconf 90' lang='lat' dir='ltr'>Ut</span> <span class='ocrx_word' id='word_1_81' title='bbox 235 911 362 961; x_wconf 88' lang='lat' dir='ltr'>tetigit</span> <span class='ocrx_word' id='word_1_82' title='bbox 380 912 517 956; x_wconf 86' lang='lat' dir='ltr'>lucum,</span> <span class='ocrx_word' id='word_1_83' title='bbox 542 910 672 962; x_wconf 86' lang='lat' dir='ltr'>(densa</span> <span class='ocrx_word' id='word_1_84' title='bbox 690 913 797 962; x_wconf 86' lang='lat' dir='ltr'>niger</span> <span class='ocrx_word' id='word_1_85' title='bbox 814 913 899 951; x_wconf 85' lang='lat' dir='ltr'>ilice</span> <span class='ocrx_word' id='word_1_86' title='bbox 915 913 1019 950; x_wconf 88' lang='lat' dir='ltr'>lucus</span> <span class='ocrx_word' id='word_1_87' title='bbox 1038 926 1047 956; x_wconf 89' lang='lat'>;</span> <span class='ocrx_word' id='word_1_88' title='bbox 1243 912 1317 951; x_wconf 81' lang='lat'>165</span> 
     </span>
     <span class='ocr_line' id='line_1_15' title="bbox 213 966 1104 1017; baseline 0.002 -15"><span class='ocrx_word' id='word_1_89' title='bbox 213 966 255 1002; x_wconf 86' lang='lat' dir='ltr'>ln</span> <span class='ocrx_word' id='word_1_90' title='bbox 275 966 396 1003; x_wconf 89' lang='lat' dir='ltr'>medio</span> <span class='ocrx_word' id='word_1_91' title='bbox 414 966 547 1015; x_wconf 83' lang='lat' dir='ltr'>gelidae</span> <span class='ocrx_word' id='word_1_92' title='bbox 566 966 648 1003; x_wconf 89' lang='lat' dir='ltr'>fons</span> <span class='ocrx_word' id='word_1_93' title='bbox 667 974 745 1005; x_wconf 87' lang='lat' dir='ltr'>erat</span> <span class='ocrx_word' id='word_1_94' title='bbox 765 967 860 1005; x_wconf 82' lang='lat' dir='ltr'>altus</span> <span class='ocrx_word' id='word_1_95' title='bbox 879 979 980 1015; x_wconf 83' lang='lat' dir='ltr'>aquae</span> <span class='ocrx_word' id='word_1_96' title='bbox 1001 966 1028 1017; x_wconf 73' lang='grc' dir='ltr'>ε)</span> <span class='ocrx_word' id='word_1_97' title='bbox 1099 987 1104 994; x_wconf 52' lang='lat'><strong><em>³</em></strong></span> 
     </span>
     <span class='ocr_line' id='line_1_16' title="bbox 163 1019 1074 1069; baseline 0.003 -15"><span class='ocrx_word' id='word_1_98' title='bbox 163 1019 254 1063; x_wconf 86' lang='lat' dir='ltr'>Hac,</span> <span class='ocrx_word' id='word_1_99' title='bbox 278 1019 340 1065; x_wconf 86' lang='lat' dir='ltr'>ait,</span> <span class='ocrx_word' id='word_1_100' title='bbox 360 1020 398 1056; x_wconf 91' lang='lat' dir='ltr'>in</span> <span class='ocrx_word' id='word_1_101' title='bbox 415 1020 529 1069; x_wconf 86' lang='lat' dir='ltr'>sylva,</span> <span class='ocrx_word' id='word_1_102' title='bbox 543 1020 648 1069; x_wconf 85' lang='lat' dir='ltr'>virgo</span> <span class='ocrx_word' id='word_1_103' title='bbox 668 1020 699 1056; x_wconf 82' lang='lat' dir='ltr'>T</span> <span class='ocrx_word' id='word_1_104' title='bbox 703 1033 839 1069; x_wconf 81' lang='lat' dir='ltr'>egeaea,</span> <span class='ocrx_word' id='word_1_105' title='bbox 859 1020 1049 1058; x_wconf 83' lang='lat' dir='ltr'>lavemur:</span> <span class='ocrx_word' id='word_1_106' title='bbox 1071 1019 1074 1023; x_wconf 77' lang='grc'><strong>’</strong></span> 
     </span>
     <span class='ocr_line' id='line_1_17' title="bbox 213 1073 856 1122; baseline 0.003 -13"><span class='ocrx_word' id='word_1_107' title='bbox 213 1073 372 1111; x_wconf 88' lang='lat' dir='ltr'>Erubuit</span> <span class='ocrx_word' id='word_1_108' title='bbox 389 1073 481 1110; x_wconf 85' lang='lat' dir='ltr'>falso</span> <span class='ocrx_word' id='word_1_109' title='bbox 499 1073 654 1122; x_wconf 85' lang='lat' dir='ltr'>virginis</span> <span class='ocrx_word' id='word_1_110' title='bbox 673 1074 735 1111; x_wconf 88' lang='lat' dir='ltr'>illa</span> <span class='ocrx_word' id='word_1_111' title='bbox 754 1086 856 1111; x_wconf 91' lang='lat' dir='ltr'>sono.</span> 
     </span>
     <span class='ocr_line' id='line_1_18' title="bbox 161 1127 1188 1177; baseline 0 -14"><span class='ocrx_word' id='word_1_112' title='bbox 161 1127 318 1164; x_wconf 82' lang='lat' dir='ltr'>Dixerat</span> <span class='ocrx_word' id='word_1_113' title='bbox 337 1132 375 1166; x_wconf 89' lang='lat' dir='ltr'>et</span> <span class='ocrx_word' id='word_1_114' title='bbox 395 1127 594 1177; x_wconf 85' lang='lat' dir='ltr'>Nymphis:</span> <span class='ocrx_word' id='word_1_115' title='bbox 625 1128 811 1177; x_wconf 84' lang='lat' dir='ltr'>Nymphae</span> <span class='ocrx_word' id='word_1_116' title='bbox 830 1127 1013 1165; x_wconf 86' lang='lat' dir='ltr'>velamina</span> <span class='ocrx_word' id='word_1_117' title='bbox 1031 1132 1188 1177; x_wconf 90' lang='lat' dir='ltr'>ponunt.</span> 
     </span>
     <span class='ocr_line' id='line_1_19' title="bbox 211 1179 1322 1230; baseline 0.001 -13"><span class='ocrx_word' id='word_1_118' title='bbox 211 1180 321 1218; x_wconf 85' lang='lat' dir='ltr'>Hanc</span> <span class='ocrx_word' id='word_1_119' title='bbox 340 1181 467 1230; x_wconf 87' lang='lat' dir='ltr'>pudet,</span> <span class='ocrx_word' id='word_1_120' title='bbox 488 1185 525 1218; x_wconf 88' lang='lat' dir='ltr'>et</span> <span class='ocrx_word' id='word_1_121' title='bbox 544 1182 659 1219; x_wconf 84' lang='lat' dir='ltr'>tardae</span> <span class='ocrx_word' id='word_1_122' title='bbox 673 1181 738 1219; x_wconf 83' lang='lat' dir='ltr'>dat</span> <span class='ocrx_word' id='word_1_123' title='bbox 756 1181 852 1218; x_wconf 85' lang='lat' dir='ltr'>mala</span> <span class='ocrx_word' id='word_1_124' title='bbox 870 1181 976 1230; x_wconf 89' lang='lat' dir='ltr'>signa</span> <span class='ocrx_word' id='word_1_125' title='bbox 994 1194 1120 1219; x_wconf 84' lang='lat' dir='ltr'>morae.</span> <span class='ocrx_word' id='word_1_126' title='bbox 1247 1179 1322 1220; x_wconf 87' lang='lat'>170</span> 
     </span>
     <span class='ocr_line' id='line_1_20' title="bbox 163 1234 1016 1273; baseline 0.002 -3"><span class='ocrx_word' id='word_1_127' title='bbox 163 1234 325 1272; x_wconf 76' lang='lat' dir='ltr'>Exuerat</span> <span class='ocrx_word' id='word_1_128' title='bbox 344 1235 487 1272; x_wconf 83' lang='lat' dir='ltr'>tunicas</span> <span class='ocrx_word' id='word_1_129' title='bbox 504 1248 512 1272; x_wconf 93' lang='lat'>:</span> <span class='ocrx_word' id='word_1_130' title='bbox 543 1235 639 1273; x_wconf 85' lang='lat' dir='ltr'>uteri</span> <span class='ocrx_word' id='word_1_131' title='bbox 658 1235 852 1272; x_wconf 80' lang='lat' dir='ltr'>manifesta</span> <span class='ocrx_word' id='word_1_132' title='bbox 870 1240 1016 1272; x_wconf 86' lang='lat' dir='ltr'>tumore</span> 
     </span>
     <span class='ocr_line' id='line_1_21' title="bbox 214 1287 917 1338; baseline 0.001 -14"><span class='ocrx_word' id='word_1_133' title='bbox 214 1288 389 1326; x_wconf 87' lang='lat' dir='ltr'>Proditur</span> <span class='ocrx_word' id='word_1_134' title='bbox 407 1289 543 1326; x_wconf 84' lang='lat' dir='ltr'>indicio</span> <span class='ocrx_word' id='word_1_135' title='bbox 564 1287 735 1338; x_wconf 82' lang='lat' dir='ltr'>ponderis</span> <span class='ocrx_word' id='word_1_136' title='bbox 754 1288 832 1338; x_wconf 82' lang='lat' dir='ltr'>ipsa</span> <span class='ocrx_word' id='word_1_137' title='bbox 850 1289 917 1326; x_wconf 89' lang='lat' dir='ltr'>sui.</span> 
     </span>
     <span class='ocr_line' id='line_1_22' title="bbox 162 1342 1064 1392; baseline 0.002 -15"><span class='ocrx_word' id='word_1_138' title='bbox 162 1342 230 1378; x_wconf 90' lang='lat' dir='ltr'>Cui</span> <span class='ocrx_word' id='word_1_139' title='bbox 250 1342 331 1388; x_wconf 85' lang='lat' dir='ltr'>dea,</span> <span class='ocrx_word' id='word_1_140' title='bbox 352 1342 562 1391; x_wconf 82' lang='lat' dir='ltr'>virgineos,</span> <span class='ocrx_word' id='word_1_141' title='bbox 582 1342 731 1392; x_wconf 81' lang='lat' dir='ltr'>perjura</span> <span class='ocrx_word' id='word_1_142' title='bbox 750 1342 928 1392; x_wconf 81' lang='lat' dir='ltr'>Lycaoni,</span> <span class='ocrx_word' id='word_1_143' title='bbox 950 1346 1064 1380; x_wconf 83' lang='lat' dir='ltr'>coetus</span> 
     </span>
     <span class='ocr_line' id='line_1_23' title="bbox 210 1395 1009 1445; baseline 0.001 -13"><span class='ocrx_word' id='word_1_144' title='bbox 210 1395 360 1441; x_wconf 83' lang='lat' dir='ltr'>Desere,</span> <span class='ocrx_word' id='word_1_145' title='bbox 381 1409 448 1432; x_wconf 87' lang='lat' dir='ltr'>nec</span> <span class='ocrx_word' id='word_1_146' title='bbox 467 1402 585 1434; x_wconf 79' lang='lat' dir='ltr'>castas</span> <span class='ocrx_word' id='word_1_147' title='bbox 603 1396 738 1445; x_wconf 87' lang='lat' dir='ltr'>pollue,</span> <span class='ocrx_word' id='word_1_148' title='bbox 759 1396 866 1441; x_wconf 82' lang='lat' dir='ltr'>dixit,</span> <span class='ocrx_word' id='word_1_149' title='bbox 887 1408 1009 1444; x_wconf 80' lang='lat' dir='ltr'>aquaS.</span> 
     </span>
     <span class='ocr_line' id='line_1_24' title="bbox 160 1448 1322 1498; baseline 0.001 -13"><span class='ocrx_word' id='word_1_150' title='bbox 160 1448 270 1486; x_wconf 81' lang='lat' dir='ltr'>Luna</span> <span class='ocrx_word' id='word_1_151' title='bbox 289 1462 426 1486; x_wconf 83' lang='lat' dir='ltr'>novum</span> <span class='ocrx_word' id='word_1_152' title='bbox 446 1449 567 1486; x_wconf 85' lang='lat' dir='ltr'>decies</span> <span class='ocrx_word' id='word_1_153' title='bbox 585 1449 758 1498; x_wconf 83' lang='lat' dir='ltr'>implerat</span> <span class='ocrx_word' id='word_1_154' title='bbox 777 1449 950 1486; x_wconf 88' lang='lat' dir='ltr'>cornibus</span> <span class='ocrx_word' id='word_1_155' title='bbox 969 1450 1095 1486; x_wconf 90' lang='lat' dir='ltr'>orbem</span> <span class='ocrx_word' id='word_1_156' title='bbox 1113 1463 1121 1486; x_wconf 90' lang='lat'>:</span> <span class='ocrx_word' id='word_1_157' title='bbox 1248 1450 1322 1488; x_wconf 82' lang='lat'>175</span> 
     </span>
     <span class='ocr_line' id='line_1_25' title="bbox 217 1502 994 1551; baseline -0.001 -12"><span class='ocrx_word' id='word_1_158' title='bbox 217 1504 310 1548; x_wconf 63' lang='lat' dir='ltr'>Quae</span> <span class='ocrx_word' id='word_1_159' title='bbox 331 1503 451 1540; x_wconf 83' lang='lat' dir='ltr'>fuerat</span> <span class='ocrx_word' id='word_1_160' title='bbox 469 1503 575 1551; x_wconf 81' lang='lat' dir='ltr'>virgo</span> <span class='ocrx_word' id='word_1_161' title='bbox 594 1502 744 1547; x_wconf 86' lang='lat' dir='ltr'>credita,</span> <span class='ocrx_word' id='word_1_162' title='bbox 765 1508 883 1540; x_wconf 79' lang='lat' dir='ltr'>mater</span> <span class='ocrx_word' id='word_1_163' title='bbox 901 1508 994 1541; x_wconf 85' lang='lat' dir='ltr'>erat.</span> 
     </span>
     <span class='ocr_line' id='line_1_26' title="bbox 159 1556 1048 1606; baseline 0.001 -14"><span class='ocrx_word' id='word_1_164' title='bbox 159 1556 264 1594; x_wconf 78' lang='lat' dir='ltr'>Laesa</span> <span class='ocrx_word' id='word_1_165' title='bbox 285 1557 373 1594; x_wconf 86' lang='lat' dir='ltr'>furit</span> <span class='ocrx_word' id='word_1_166' title='bbox 385 1557 408 1593; x_wconf 81' lang='lat' dir='ltr'>J</span> <span class='ocrx_word' id='word_1_167' title='bbox 414 1570 498 1601; x_wconf 88' lang='lat' dir='ltr'>uno,</span> <span class='ocrx_word' id='word_1_168' title='bbox 516 1558 671 1593; x_wconf 81' lang='lat' dir='ltr'>formam</span> <span class='ocrx_word' id='word_1_169' title='bbox 694 1562 885 1605; x_wconf 80' lang='lat' dir='ltr'>mutatque</span> <span class='ocrx_word' id='word_1_170' title='bbox 903 1556 1048 1606; x_wconf 87' lang='lat' dir='ltr'>puellae.</span> 
     </span>
     <span class='ocr_line' id='line_1_27' title="bbox 210 1610 1121 1660; baseline 0.002 -13"><span class='ocrx_word' id='word_1_171' title='bbox 210 1611 311 1656; x_wconf 78' lang='lat' dir='ltr'>Quid</span> <span class='ocrx_word' id='word_1_172' title='bbox 330 1610 418 1647; x_wconf 84' lang='lat' dir='ltr'>facis</span> <span class='ocrx_word' id='word_1_173' title='bbox 432 1611 451 1647; x_wconf 75' lang='lat' dir='ltr'>t&gt;</span> <span class='ocrx_word' id='word_1_174' title='bbox 479 1611 596 1648; x_wconf 86' lang='lat' dir='ltr'>invito</span> <span class='ocrx_word' id='word_1_175' title='bbox 615 1614 763 1660; x_wconf 81' lang='lat' dir='ltr'>pectore</span> <span class='ocrx_word' id='word_1_176' title='bbox 781 1623 887 1659; x_wconf 84' lang='lat' dir='ltr'>passa</span> <span class='ocrx_word' id='word_1_177' title='bbox 904 1610 1035 1648; x_wconf 84' lang='lat' dir='ltr'>Jovem</span> <span class='ocrx_word' id='word_1_178' title='bbox 1056 1616 1121 1649; x_wconf 88' lang='lat' dir='ltr'>est.</span> 
     </span>
     <span class='ocr_line' id='line_1_28' title="bbox 163 1664 1006 1714; baseline 0 -14"><span class='ocrx_word' id='word_1_179' title='bbox 163 1664 284 1714; x_wconf 83' lang='lat' dir='ltr'>thue</span> <span class='ocrx_word' id='word_1_180' title='bbox 303 1665 388 1701; x_wconf 75' lang='lat' dir='ltr'>ferae</span> <span class='ocrx_word' id='word_1_181' title='bbox 409 1664 502 1702; x_wconf 81' lang='lat' dir='ltr'>vidit</span> <span class='ocrx_word' id='word_1_182' title='bbox 522 1670 647 1714; x_wconf 84' lang='lat' dir='ltr'>turpes</span> <span class='ocrx_word' id='word_1_183' title='bbox 667 1665 705 1701; x_wconf 93' lang='lat' dir='ltr'>in</span> <span class='ocrx_word' id='word_1_184' title='bbox 724 1664 853 1714; x_wconf 82' lang='lat' dir='ltr'>pellice</span> <span class='ocrx_word' id='word_1_185' title='bbox 871 1664 1006 1709; x_wconf 83' lang='lat' dir='ltr'>vultus,</span> 
     </span>
     <span class='ocr_line' id='line_1_29' title="bbox 215 1717 1322 1768; baseline 0.002 -14"><span class='ocrx_word' id='word_1_186' title='bbox 215 1718 336 1767; x_wconf 83' lang='lat' dir='ltr'>Hujus</span> <span class='ocrx_word' id='word_1_187' title='bbox 355 1720 393 1755; x_wconf 89' lang='lat' dir='ltr'>in</span> <span class='ocrx_word' id='word_1_188' title='bbox 414 1719 605 1768; x_wconf 85' lang='lat' dir='ltr'>amplexus</span> <span class='ocrx_word' id='word_1_189' title='bbox 623 1718 784 1768; x_wconf 80' lang='lat' dir='ltr'>Jupiter,</span> <span class='ocrx_word' id='word_1_190' title='bbox 805 1717 940 1766; x_wconf 88' lang='lat' dir='ltr'>inquit,</span> <span class='ocrx_word' id='word_1_191' title='bbox 960 1726 1033 1756; x_wconf 82' lang='lat' dir='ltr'>eat.</span> <span class='ocrx_word' id='word_1_192' title='bbox 1247 1718 1322 1756; x_wconf 84' lang='grc'>180</span> 
     </span>
     <span class='ocr_line' id='line_1_30' title="bbox 166 1772 1078 1822; baseline 0.001 -14"><span class='ocrx_word' id='word_1_193' title='bbox 166 1772 258 1809; x_wconf 82' lang='lat' dir='ltr'>Ursa</span> <span class='ocrx_word' id='word_1_194' title='bbox 276 1786 341 1822; x_wconf 86' lang='lat' dir='ltr'>per</span> <span class='ocrx_word' id='word_1_195' title='bbox 360 1773 519 1809; x_wconf 85' lang='lat' dir='ltr'>incultos</span> <span class='ocrx_word' id='word_1_196' title='bbox 537 1773 683 1810; x_wconf 84' lang='lat' dir='ltr'>errabat</span> <span class='ocrx_word' id='word_1_197' title='bbox 703 1772 869 1820; x_wconf 81' lang='lat' dir='ltr'>squalida</span> <span class='ocrx_word' id='word_1_198' title='bbox 886 1777 1044 1817; x_wconf 85' lang='lat' dir='ltr'>montes,</span> <span class='ocrx_word' id='word_1_199' title='bbox 1076 1784 1078 1790; x_wconf 74' lang='grc'>’</span> 
     </span>
     <span class='ocr_line' id='line_1_31' title="bbox 213 1825 1036 1875; baseline -0.002 -12"><span class='ocrx_word' id='word_1_200' title='bbox 213 1826 305 1871; x_wconf 75' lang='lat' dir='ltr'>Quae</span> <span class='ocrx_word' id='word_1_201' title='bbox 326 1826 445 1863; x_wconf 85' lang='lat' dir='ltr'>fuerat</span> <span class='ocrx_word' id='word_1_202' title='bbox 465 1839 607 1863; x_wconf 85' lang='lat' dir='ltr'>summo</span> <span class='ocrx_word' id='word_1_203' title='bbox 627 1838 745 1875; x_wconf 80' lang='lat' dir='ltr'>nuper</span> <span class='ocrx_word' id='word_1_204' title='bbox 760 1825 917 1862; x_wconf 81' lang='lat' dir='ltr'>amanda</span> <span class='ocrx_word' id='word_1_205' title='bbox 935 1825 1036 1862; x_wconf 85' lang='lat' dir='ltr'>Jovi.</span> 
     </span>
     <span class='ocr_line' id='line_1_32' title="bbox 160 1879 1078 1929; baseline 0 -13"><span class='ocrx_word' id='word_1_206' title='bbox 160 1880 242 1916; x_wconf 58' lang='lat' dir='ltr'>„lam</span> <span class='ocrx_word' id='word_1_207' title='bbox 263 1880 334 1918; x_wconf 82' lang='lat' dir='ltr'>tria</span> <span class='ocrx_word' id='word_1_208' title='bbox 352 1881 467 1917; x_wconf 86' lang='lat' dir='ltr'>lustra</span> <span class='ocrx_word' id='word_1_209' title='bbox 486 1892 577 1929; x_wconf 87' lang='lat' dir='ltr'>puer</span> <span class='ocrx_word' id='word_1_210' title='bbox 596 1879 697 1917; x_wconf 83' lang='lat' dir='ltr'>furto</span> <span class='ocrx_word' id='word_1_211' title='bbox 716 1884 914 1928; x_wconf 87' lang='lat' dir='ltr'>conceptus</span> <span class='ocrx_word' id='word_1_212' title='bbox 933 1880 1078 1928; x_wconf 83' lang='lat' dir='ltr'>agebat,</span> 
     </span>
     <span class='ocr_line' id='line_1_33' title="bbox 212 1932 956 1972; baseline -0.003 -2"><span class='ocrx_word' id='word_1_213' title='bbox 212 1934 305 1970; x_wconf 87' lang='lat' dir='ltr'>Cum</span> <span class='ocrx_word' id='word_1_214' title='bbox 325 1941 442 1972; x_wconf 80' lang='lat' dir='ltr'>mater</span> <span class='ocrx_word' id='word_1_215' title='bbox 461 1939 549 1971; x_wconf 84' lang='lat' dir='ltr'>nato</span> <span class='ocrx_word' id='word_1_216' title='bbox 564 1938 619 1970; x_wconf 87' lang='lat' dir='ltr'>est</span> <span class='ocrx_word' id='word_1_217' title='bbox 634 1933 742 1969; x_wconf 87' lang='lat' dir='ltr'>obvia</span> <span class='ocrx_word' id='word_1_218' title='bbox 759 1932 858 1970; x_wconf 83' lang='lat' dir='ltr'>facto</span> <span class='ocrx_word' id='word_1_219' title='bbox 878 1945 956 1969; x_wconf 88' lang='lat' dir='ltr'>suo.</span> 
     </span>
     <span class='ocr_line' id='line_1_34' title="bbox 158 1985 1322 2037; baseline 0.001 -14"><span class='ocrx_word' id='word_1_220' title='bbox 158 1987 225 2023; x_wconf 79' lang='lat' dir='ltr'>Illa</span> <span class='ocrx_word' id='word_1_221' title='bbox 241 1988 402 2037; x_wconf 88' lang='lat' dir='ltr'>quidem,</span> <span class='ocrx_word' id='word_1_222' title='bbox 423 1993 599 2036; x_wconf 83' lang='lat' dir='ltr'>tanquam</span> <span class='ocrx_word' id='word_1_223' title='bbox 619 1991 870 2035; x_wconf 81' lang='lat' dir='ltr'>cognosceret,</span> <span class='ocrx_word' id='word_1_224' title='bbox 890 1985 1034 2024; x_wconf 82' lang='lat' dir='ltr'>adstitit</span> <span class='ocrx_word' id='word_1_225' title='bbox 1052 1999 1190 2033; x_wconf 84' lang='lat' dir='ltr'>amens,</span> <span class='ocrx_word' id='word_1_226' title='bbox 1247 1987 1322 2024; x_wconf 82' lang='lat'>185</span> 
     </span>
     <span class='ocr_line' id='line_1_35' title="bbox 214 2040 1087 2091; baseline -0.002 -13"><span class='ocrx_word' id='word_1_227' title='bbox 214 2042 261 2079; x_wconf 87' lang='lat' dir='ltr'>Et</span> <span class='ocrx_word' id='word_1_228' title='bbox 282 2042 423 2091; x_wconf 84' lang='lat' dir='ltr'>gemuit</span> <span class='ocrx_word' id='word_1_229' title='bbox 444 2055 451 2078; x_wconf 92' lang='lat'>:</span> <span class='ocrx_word' id='word_1_230' title='bbox 482 2041 642 2089; x_wconf 84' lang='lat' dir='ltr'>gemitus</span> <span class='ocrx_word' id='word_1_231' title='bbox 662 2041 773 2077; x_wconf 75' lang='lat' dir='ltr'>verba</span> <span class='ocrx_word' id='word_1_232' title='bbox 791 2040 954 2089; x_wconf 84' lang='lat' dir='ltr'>parentis</span> <span class='ocrx_word' id='word_1_233' title='bbox 968 2047 1087 2078; x_wconf 81' lang='lat' dir='ltr'>erant.</span> 
     </span>
     <span class='ocr_line' id='line_1_36' title="bbox 160 2094 981 2145; baseline -0.004 -12"><span class='ocrx_word' id='word_1_234' title='bbox 160 2097 270 2133; x_wconf 82' lang='lat' dir='ltr'>Hanc</span> <span class='ocrx_word' id='word_1_235' title='bbox 290 2109 379 2145; x_wconf 80' lang='lat' dir='ltr'>puer</span> <span class='ocrx_word' id='word_1_236' title='bbox 397 2096 546 2144; x_wconf 81' lang='lat' dir='ltr'>ignarus</span> <span class='ocrx_word' id='word_1_237' title='bbox 553 2094 678 2143; x_wconf 82' lang='lat' dir='ltr'>jaculo</span> <span class='ocrx_word' id='word_1_238' title='bbox 692 2094 829 2131; x_wconf 81' lang='lat' dir='ltr'>fixisset</span> <span class='ocrx_word' id='word_1_239' title='bbox 850 2099 958 2131; x_wconf 83' lang='lat' dir='ltr'>acuto</span> <span class='ocrx_word' id='word_1_240' title='bbox 973 2106 981 2138; x_wconf 92' lang='grc'>;</span> 
     </span>
     <span class='ocr_line' id='line_1_37' title="bbox 212 2147 1072 2198; baseline -0.002 -11"><span class='ocrx_word' id='word_1_241' title='bbox 212 2151 245 2187; x_wconf 82' lang='lat' dir='ltr'>N</span> <span class='ocrx_word' id='word_1_242' title='bbox 250 2150 261 2186; x_wconf 92' lang='lat' dir='ltr'>i</span> <span class='ocrx_word' id='word_1_243' title='bbox 279 2150 373 2186; x_wconf 82' lang='lat' dir='ltr'>foret</span> <span class='ocrx_word' id='word_1_244' title='bbox 393 2150 429 2185; x_wconf 89' lang='lat' dir='ltr'>in</span> <span class='ocrx_word' id='word_1_245' title='bbox 450 2161 599 2198; x_wconf 83' lang='lat' dir='ltr'>superas</span> <span class='ocrx_word' id='word_1_246' title='bbox 618 2152 745 2198; x_wconf 83' lang='lat' dir='ltr'>raptus</span> <span class='ocrx_word' id='word_1_247' title='bbox 765 2152 918 2195; x_wconf 83' lang='lat' dir='ltr'>uterque</span> <span class='ocrx_word' id='word_1_248' title='bbox 933 2147 1072 2185; x_wconf 79' lang='lat' dir='ltr'>domos,</span> 
     </span>
     <span class='ocr_line' id='line_1_38' title="bbox 160 2201 1321 2253; baseline -0.003 -12"><span class='ocrx_word' id='word_1_249' title='bbox 160 2205 274 2253; x_wconf 80' lang='lat' dir='ltr'>Signa</span> <span class='ocrx_word' id='word_1_250' title='bbox 293 2203 498 2252; x_wconf 73' lang='lat' dir='ltr'>propinqua</span> <span class='ocrx_word' id='word_1_251' title='bbox 517 2203 666 2240; x_wconf 85' lang='lat' dir='ltr'>micant.</span> <span class='ocrx_word' id='word_1_252' title='bbox 689 2202 795 2238; x_wconf 84' lang='lat' dir='ltr'>Prior</span> <span class='ocrx_word' id='word_1_253' title='bbox 803 2207 983 2250; x_wconf 81' lang='lat' dir='ltr'>est,quam</span> <span class='ocrx_word' id='word_1_254' title='bbox 991 2201 1146 2240; x_wconf 87' lang='lat' dir='ltr'>dicimus</span> <span class='ocrx_word' id='word_1_255' title='bbox 1159 2202 1321 2245; x_wconf 87' lang='lat' dir='ltr'>Arcton;</span> 
     </span>
     <span class='ocr_line' id='line_1_39' title="bbox 215 2254 1324 2307; baseline 0 -13"><span class='ocrx_word' id='word_1_256' title='bbox 215 2257 469 2307; x_wconf 68' lang='lat' dir='ltr'>Arctophylax</span> <span class='ocrx_word' id='word_1_257' title='bbox 488 2256 641 2293; x_wconf 79' lang='lat' dir='ltr'>formam</span> <span class='ocrx_word' id='word_1_258' title='bbox 661 2262 767 2304; x_wconf 83' lang='lat' dir='ltr'>terga</span> <span class='ocrx_word' id='word_1_259' title='bbox 786 2255 971 2303; x_wconf 87' lang='lat' dir='ltr'>sequentis</span> <span class='ocrx_word' id='word_1_260' title='bbox 989 2254 1114 2294; x_wconf 82' lang='lat' dir='ltr'>habet.</span> <span class='ocrx_word' id='word_1_261' title='bbox 1250 2255 1324 2294; x_wconf 88' lang='grc'>190</span> 
     </span>
     <span class='ocr_line' id='line_1_40' title="bbox 160 2308 1142 2360; baseline -0.002 -12"><span class='ocrx_word' id='word_1_262' title='bbox 160 2312 272 2349; x_wconf 65' lang='lat' dir='ltr'>Saevit</span> <span class='ocrx_word' id='word_1_263' title='bbox 290 2312 421 2355; x_wconf 83' lang='lat' dir='ltr'>adhuc,</span> <span class='ocrx_word' id='word_1_264' title='bbox 443 2322 644 2359; x_wconf 83' lang='lat' dir='ltr'>canamque</span> <span class='ocrx_word' id='word_1_265' title='bbox 662 2314 770 2358; x_wconf 84' lang='lat' dir='ltr'>rogat</span> <span class='ocrx_word' id='word_1_266' title='bbox 783 2308 957 2346; x_wconf 81' lang='lat' dir='ltr'>Saturnia</span> <span class='ocrx_word' id='word_1_267' title='bbox 981 2308 1142 2360; x_wconf 85' lang='lat' dir='ltr'>Tethyn,</span> 
     </span>
     <span class='ocr_line' id='line_1_41' title="bbox 215 2362 1029 2411; baseline 0 -9"><span class='ocrx_word' id='word_1_268' title='bbox 215 2365 423 2402; x_wconf 76' lang='lat' dir='ltr'>Maenaliam</span> <span class='ocrx_word' id='word_1_269' title='bbox 444 2365 550 2402; x_wconf 81' lang='lat' dir='ltr'>tactis</span> <span class='ocrx_word' id='word_1_270' title='bbox 569 2376 617 2402; x_wconf 84' lang='lat' dir='ltr'>ne</span> <span class='ocrx_word' id='word_1_271' title='bbox 633 2364 731 2402; x_wconf 84' lang='lat' dir='ltr'>lavet</span> <span class='ocrx_word' id='word_1_272' title='bbox 750 2363 893 2400; x_wconf 87' lang='lat' dir='ltr'>Arcton</span> <span class='ocrx_word' id='word_1_273' title='bbox 912 2362 1029 2411; x_wconf 84' lang='lat' dir='ltr'>aquis.</span> 
     </span>
    </p>
   </div>
  </div>
 </body>
</html>
