1414 2666
173 136 224 173 24
630 146 823 176 snm-nuos
841 147 882 174 11.

175 243 261 288 Quo
275 243 417 292 gemitu
437 243 604 281 conversi
623 244 746 290 animi,
767 256 997 294 compressus
1015 247 1054 282 et
1067 243 1187 281 omnis

173 296 352 346 Impetus.
409 297 618 335 Hortamur
635 298 716 343 fari,
737 310 810 346 quo
829 297 1011 346 sanguine
1028 303 1163 344 cretus,

173 351 324 395 Quidve
341 350 436 389 ferat
451 364 459 395 3
489 357 678 396 memoret,
699 364 793 400 quae
811 353 859 390 sit
878 351 1013 388 fiducia
1030 358 1153 400 capto-
1287 348 1337 388 75

173 403 241 441 Ille
259 404 361 449 haec,
382 405 551 453 deposita
568 406 718 442 tandem
742 406 948 450 formidine,
969 405 1082 442 fatur.

226 458 374 495 Cuncta
392 459 562 506 equidem
581 459 661 504 tibi,
680 460 775 503 Rex,
789 459 901 496 fuerit
911 459 1181 507 quodcumque,
1192 455 1337 495 fatebor

172 511 284 557 Vera,
304 512 425 560 inquit
440 525 448 549 ε
478 524 598 561 neque
616 526 676 550 me
699 514 872 561 Argolica
890 514 938 550 de
956 518 1069 561 gente
1087 511 1248 560 negabo.

173 564 259 602 Hoc
277 566 433 614 primum
452 578 460 609 ;
487 578 566 611 nec,
588 567 618 603 si
638 568 810 604 miserum
833 567 998 604 Fortuna
1017 566 1194 603 Sinonem

174 618 312 665 Finxit,
333 632 467 656 vanum
489 620 599 657 etiam
618 621 906 669 mendacemque
923 621 1091 669 improba
1108 619 1240 667 finget.
1288 615 1338 652 80

172 672 302 710 Fando
321 673 470 721 aliquod
488 674 518 710 si
537 674 633 712 forte
651 681 734 712 tuas
752 675 921 724 pervenit
939 675 986 710 ad
1005 673 1104 710 auris

174 726 328 764 Belidae
347 740 481 764 nomen
503 728 721 771 Palamedis,
743 737 780 766 et
798 729 939 765 incluta
956 728 1054 764 fama

176 780 330 826 Gloria3
358 793 465 829 quem
485 782 582 819 falsa·
595 783 663 819 sub
685 783 893 831 proditione
911 781 1059 828 Pelasgi

175 833 377 881 Insontem,
397 835 551 872 infando
570 837 721 878 indicio,
742 837 828 884 quia
846 835 943 872 bella
961 835 1123 881 vetabat,

171 887 363 926 Demisere
380 889 484 932 neci;
515 901 616 926 nunc
634 903 776 927 cassum
797 889 935 926 lumine
952 888 1086 936 lugent
1104 901 1113 926 :
1287 885 1337 923 85

170 941 229 977 Illi
249 955 307 978 me
326 943 510 988 comitem,
532 951 569 981 et
588 944 911 991 consanguinitate
929 942 1188 991 propinquum,

172 995 318 1043 Pauper
331 997 369 1032 in
385 1009 485 1033 arma
505 1004 610 1046 pater
628 998 755 1046 primis
773 997 847 1034 huc
865 997 964 1034 misit
982 997 1030 1032 ab
1047 995 1165 1032 annis.

170 1049 271 1086 Dum
292 1051 414 1088 stabat
434 1063 551 1100 regno
570 1052 774 1096 incolumis,
795 1062 998 1099 regumque
1016 1050 1167 1098 vigebat

170 1103 370 1148 Conciliis;
401 1111 435 1142 et
455 1117 522 1141 nos
541 1105 690 1154 aliquod
710 1117 917 1152 nomenque
936 1105 1123 1152 decusque

170 1157 361 1195 Gessimus
378 1172 386 1196 :
414 1159 556 1196 invidia
574 1167 766 1209 postquam
786 1158 937 1208 pellacis
958 1157 1062 1194 Ulixi
1287 1155 1337 1194 90

168 1211 304 1259 (Haud
322 1212 452 1261 ignota
471 1212 615 1264 loquor)
638 1213 780 1262 superis
797 1211 979 1250 concessit
998 1212 1046 1248 ab
1064 1211 1159 1256 oris;

166 1264 342 1303 Afflietus
360 1266 473 1303 vitam
493 1267 532 1303 in
550 1268 713 1305 tenebris
732 1267 905 1315 luctuque
923 1264 1126 1312 trahebam,

167 1317 218 1355 Et
237 1331 362 1356 casum
380 1320 538 1358 insontis
556 1334 698 1358 mecum
718 1321 941 1369 indignabar
954 1319 1075 1356 amici.

168 1372 249 1410 Nec
267 1373 379 1420 tacui,
401 1374 552 1411 demens
569 1388 577 1412 :
607 1382 645 1412 et
664 1388 733 1419 me,
748 1377 822 1412 fors
842 1375 871 1412 si
891 1387 963 1424 qua
983 1374 1143 1420 tulisset,

169 1426 207 1462 Si
226 1427 365 1476 patrios
384 1441 558 1477 umquam
579 1441 797 1466 remeassem
818 1430 937 1467 victor
955 1428 1002 1464 ad
1023 1427 1159 1476 Argos,
1287 1426 1336 1465 95

168 1479 327 1517 Promisi
347 1481 528 1521 ultorem:
560 1490 597 1520 et
615 1483 736 1520 verbis
756 1483 840 1520 odia
861 1495 989 1532 aspera
1008 1482 1120 1518 movi.

168 1533 271 1571 Hinc
289 1535 378 1571 mihi
398 1536 519 1584 prima
537 1537 623 1573 mali
643 1537 764 1574 labes:
794 1537 881 1573 hinc
900 1548 1043 1585 semper
1065 1535 1193 1574 Ulixes

169 1587 395 1626 Criminibus
414 1598 512 1627 terre
531 1591 656 1634 novis;
687 1591 773 1628 hinc
792 1603 966 1640 spargere
985 1601 1093 1627 voces

171 1642 212 1677 ln
233 1642 383 1691 volgum
404 1645 607 1693 ambiguas,
629 1650 667 1683 et
685 1657 860 1694 quaerere
876 1644 1044 1681 conscius
1062 1655 1176 1688 arma,

167 1695 249 1732 Nec
267 1697 449 1744 requievit
468 1699 577 1743 enim,
599 1700 728 1744 donec,
746 1699 951 1735 Calchante
967 1697 1205 1742 ministro,—-
1258 1695 1334 1732 100

168 1749 239 1786 Sed
261 1751 349 1798 quid
365 1763 435 1799 ego
455 1751 545 1789 haec
563 1760 699 1798 autem,
717 1754 963 1801 nequidquam
979 1752 1127 1800 ingrata.
1141 1749 1290 1787 revolvo
1303 1750 1322 1787 ἶ)

168 1804 318 1848 Quidve
332 1817 455 1841 moror
470 1806 489 1843 ⁴?
517 1806 547 1842 si
566 1807 685 1843 omnis
703 1819 778 1843 uno
798 1806 928 1843 ordine
947 1805 1092 1842 habetis
1114 1804 1288 1850 Achivos,

168 1856 287 1905 quue
301 1858 430 1896 audire
449 1866 505 1897 sat
525 1867 606 1903 est3
630 1860 853 1909 jamdudum
872 1860 1007 1896 sumite
1025 1871 1175 1908 poenas.

168 1910 253 1948 Hoc
274 1911 424 1949 Ithacus
442 1914 544 1959 velit,
564 1920 601 1951 et
621 1926 758 1962 magno
777 1919 986 1951 mercentur
1007 1911 1176 1950 Atridae.

220 1964 317 2002 Tum
340 1978 425 2003 vero
444 1968 615 2005 ardemus
632 1967 756 2005 scitari
771 1974 810 2005 et
827 1979 1005 2016 quaerere
1023 1979 1179 2011 caussas,
1255 1962 1330 2000 105

169 2018 295 2067 Ignari
315 2021 492 2057 scelerum
509 2027 710 2064 tantorum,
728 2022 891 2069 artisque
912 2021 1101 2069 Pelasgae.

168 2073 411 2121 Prosequitur
430 2076 612 2124 pavitans,
632 2082 671 2114 et
691 2075 776 2113 ficto
795 2081 946 2124 pectore
964 2076 1076 2112 fatur.

219 2127 337 2177 Saepe
354 2128 479 2176 fugam
504 2129 625 2166 Danai
647 2129 759 2178 Troja
778 2129 927 2178 cupiere
945 2130 1075 2165 relicta

165 2180 302 2228 Moliri,
324 2189 361 2220 et
379 2182 493 2231 longo
511 2183 594 2220 fessi
613 2184 802 2221 discedere
821 2183 941 2220 bello:

166 2233 430 2284 Fecissentque
449 2238 590 2274 utinam
607 2237 616 2275 !
646 2250 754 2286 saepe
774 2237 856 2274 illos
874 2249 1003 2286 aspera
1022 2236 1128 2285 ponti
1255 2235 1331 2271 110

166 2287 379 2327 interclusit
399 2290 526 2328 hiems.
546 2296 585 2329 et
606 2293 741 2330 terruit
763 2291 901 2328 Auster
919 2291 1055 2328 euntis.

168 2341 381 2391 Praecipue,
402 2355 517 2391 quum
533 2345 610 2393 jam
631 2345 702 2391 hic,
723 2346 891 2383 trabibus
904 2349 1104 2382 contextus
1123 2342 1277 2390 acernis,

166 2395 292 2434 Staret
309 2408 438 2446 cquuS‚
455 2405 538 2436 toto
557 2406 765 2437 sonuerunt
784 2400 932 2436 aethere
950 2399 1077 2436 nimbi.
