1475 2712
514 178 726 207 CARMINUM
744 179 800 205 11¹.

129 283 133 291 ¹
174 273 273 320 Quo,
297 274 417 322 Musa,
432 275 556 314 tendis
571 275 591 312 ἒ)
619 275 749 312 desine
768 276 943 324 pervicax

224 328 382 366 Referre
401 341 588 366 sermones
607 328 775 374 deorum,
797 335 835 366 et

285 382 426 431 Magna
444 382 563 419 modis
574 387 732 420 tenuare
751 382 875 431 parvis

379 461 467 499 ODE
496 460 691 500 IV.-Ad
719 459 922 512 Calliopen.

166 541 384 579 DESCENDE
403 541 519 586 coelo,
539 546 579 579 et*
596 541 656 578 dic
676 553 746 590 age
764 541 867 586 tibia,

166 595 327 644 Regina,
349 595 516 644 longum,
539 594 718 644 Calliope,
740 595 879 639 melos;

218 648 292 686 Seu
311 660 401 686 voce
415 660 516 686 nunc
534 649 651 685 mavis
669 652 791 692 acuta,

267 701 342 740 Seu
359 702 495 739 fidibus
513 701 731 750 citharaque
751 701 908 739 Phoebi.

163 755 316 793 Auditis
335 755 354 792 ἑ)
382 768 430 794 an
448 768 508 793 me
526 755 625 794 ludit
644 755 814 793 amabilis

162 808 312 846 Insania
323 809 343 846 P
399 809 545 846 Audire
563 814 601 847 et
619 809 749 846 videor
766 809 847 858 pios

214 862 352 900 Errare
370 876 436 913 per
455 863 570 908 lucos,
591 875 770 900 amoenae

268 916 374 962 Quos
393 921 432 955 et
450 929 568 965 aquae
588 917 761 961 subeunt,
782 920 820 953 et
838 928 966 953 aurae.

157 969 221 1007 Me
241 969 431 1007 fabulosae
449 969 614 1008 Vulture
632 970 671 1007 in
693 969 857 1019 Appulo,

156 1023 313 1060 Altricis
333 1028 440 1061 extra
456 1023 570 1060 limen
592 1023 766 1073 Apuliae,

207 1076 318 1113 Ludo
337 1076 610 1126 fatigatumque
629 1089 771 1121 somno,

260 1129 412 1167 Fronde
429 1141 528 1166 nova
545 1143 705 1180 puerum
724 1130 917 1178 palumbes

154 1181 320 1221 Texere:
349 1183 486 1220 mirum
506 1184 609 1232 quod
627 1184 725 1221 foret
744 1183 928 1229 omnibus,

150 1235 377 1286 Quicunque
396 1237 514 1274 celsae
529 1237 661 1274 nidum
683 1235 947 1282 Acherontiae,

203 1289 402 1339 Saltusque
423 1290 616 1336 Bantinos,
638 1295 676 1327 et
695 1301 824 1327 arvum

255 1343 402 1393 Pingue
417 1347 549 1382 tenent
568 1343 718 1381 humilis
739 1343 893 1380 Forenti
910 1356 918 1387 ;

149 1394 204 1433 Ut
223 1401 308 1435 tuto
327 1398 374 1434 ab
393 1397 483 1434 atris
502 1409 656 1447 corpore
671 1397 807 1446 viperis

146 1449 372 1497 Dormirem,
393 1454 431 1488 et
449 1450 544 1487 ursis
561 1464 570 1495 ;
599 1456 644 1488 ut
662 1462 847 1500 premerer
862 1462 965 1487 sacra

198 1503 410 1554 Lauroque,
428 1504 638 1553 collataque
657 1509 794 1553 myrto,

252 1557 341 1594 Non
356 1558 437 1595 sine
455 1557 513 1595 dis
533 1558 721 1595 animosus
739 1557 874 1594 infans.

142 1610 289 1657 Vester,
313 1611 510 1657 Camenae,
532 1617 654 1649 vester
672 1611 712 1647 in
732 1611 868 1648 arduos

143 1663 274 1701 Tollor
295 1664 450 1702 Sabinos
471 1678 480 1708 3
511 1677 576 1702 seu
594 1664 685 1701 mihi
704 1664 883 1712 frigidum

194 1717 407 1763 Praeneste,
424 1731 490 1755 seu
511 1719 631 1756 Tibur
651 1718 841 1767 supinum,

249 1771 322 1807 Seu
342 1771 507 1820 liquidae
519 1772 692 1820 placuere
712 1771 839 1808 Baiae.

138 1823 283 1862 Vestris
301 1825 459 1862 amicum
477 1825 647 1862 fontibus
667 1829 705 1861 et
720 1825 853 1869 choris,

139 1877 176 1913 N
179 1890 228 1913 on
248 1890 307 1914 me
323 1877 506 1928 Philippis
525 1891 632 1916 versa
651 1878 746 1915 acies
766 1886 880 1923 retro,

191 1930 341 1968 Devota
361 1943 434 1968 non
456 1932 637 1970 exstinxit
657 1932 778 1976 arbos,

242 1984 324 2022 Nec
344 1985 469 2022 Sicula
484 1985 687 2023 Palinurus
704 1985 816 2021 unda.

134 2036 338 2087 Utcunque
357 2051 501 2076 mecum
521 2052 586 2076 vos
605 2039 721 2082 eritis,
741 2039 862 2075 libens

132 2089 385 2129 Insanientem
406 2092 534 2130 navita
553 2092 764 2142 Bosporum

184 2144 369 2190 TentabQ
391 2151 429 2183 et
449 2150 597 2183 arentes
617 2158 748 2183 arenas

238 2197 396 2236 Littoris
415 2197 565 2248 Assyrii
585 2199 716 2236 viator.

131 2250 260 2288 Visam
280 2250 495 2298 Britannos,
513 2252 722 2301 hospitibus
736 2252 846 2296 feros,

128 2304 190 2349 Et,
208 2304 349 2343 laetum
369 2306 506 2355 equino
525 2305 719 2354 sanguine,
743 2305 960 2343 Concanum
980 2318 989 2342 ε

180 2358 309 2396 Visam
336 2359 571 2408 pharetratos
593 2359 771 2403 Gelonos,

233 2411 286 2451 Et
305 2411 521 2462 Scythicum
538 2413 741 2450 inviolatus
760 2425 918 2450 amnem.

1198 173 1248 211 47

1212 757 1236 794 Cr

1181 1026 1231 1061 10

1177 1292 1225 1330 15

1168 1560 1219 1597 20

1158 1827 1210 1865 25

1157 2093 1209 2130 30
