1414 2666
194 157 244 196 26
655 168 867 196 GARMINUM
885 168 914 194 1.

406 265 536 303 Ebria.
590 265 666 303 Sed
683 265 818 303 minuit
837 265 1000 302 furorem

300 321 376 358 Vix
395 332 471 357 una
490 331 615 369 sospes
633 319 739 357 navis
758 319 803 356 ab
817 318 968 368 ignibus
988 331 996 354 :

303 375 548 422 Mentemque
566 373 795 424 lymphatam
814 371 1023 410 Mareotico

353 428 521 476 Redegit
539 427 578 464 in
595 439 702 464 veros
716 427 869 464 timores

413 481 563 526 Caesar,
581 481 629 518 ab
649 480 759 518 Italia
776 480 966 518 volantem

305 535 435 572 Remis
451 535 677 584 adurguens,
701 533 894 585 (accipiter
908 532 1012 571 velut

306 589 440 626 Molles
455 589 657 634 columbas,
674 593 739 626 aut
755 588 921 637 leporem
939 587 1035 625 citus

357 642 527 680 Venator
545 643 585 679 in
604 641 743 691 campis
758 641 891 678 nivalis

409 695 657 747 Haemoniae)
679 696 786 733 daret
804 699 848 732 ut
867 693 1008 732 catenis

301 750 430 788 Fatale
448 754 656 787 monstrum
673 752 680 786 !
711 761 806 797 quae
824 747 1043 797 generosius

305 804 434 841 Perire
452 816 647 853 quaerens,
668 815 739 839 nec
754 802 986 841 muliebriter

361 850 680 906 Expavit'ensem‚
701 868 771 892 nec
789 855 951 893 latentes

414 911 541 948 Classe
560 910 636 948 cita
654 910 842 958 reparavit
858 921 942 946 oras
962 922 971 953 3

309 966 413 1001 Ausa
432 969 470 1002 et
484 964 673 1013 jacentem
695 963 814 1000 visere
832 962 975 1012 regiam

307 1018 428 1055 Vultu
447 1030 590 1063 serene,
606 1017 713 1055 fortis
732 1023 770 1054 et
789 1028 938 1066 asperas

361 1072 540 1109 Tractare
559 1076 763 1121 serpentes,
783 1075 828 1108 ut
846 1075 971 1108 atrum

412 1125 579 1175 Corpore
598 1125 826 1162 combiberet
844 1135 1044 1169 venenum,

304 1179 524 1218 Deliberata
537 1183 658 1217 morte
674 1178 832 1216 ferocior
846 1190 856 1222 ς

313 1233 440 1271 Saevis
460 1232 640 1270 Liburnis
660 1231 801 1269 scilicet
818 1231 991 1268 invidens

364 1287 515 1324 Privata
534 1285 671 1323 deduci
690 1285 863 1335 superbo,

416 1340 505 1377 Non
524 1340 675 1377 humilis
690 1339 836 1384 mulier,
857 1337 1064 1388 triumpho.

470 1432 559 1470 ODE
580 1430 929 1469 XXXVIIL--Ad
949 1429 1122 1468 Puerum.

315 1525 508 1562 PERsmos
529 1523 603 1569 odi,
623 1535 728 1572 puer,
751 1525 952 1572 apparatus
969 1534 978 1559 :

312 1578 527 1628 Displicent
545 1589 664 1615 nexae
682 1576 832 1626 philyra
851 1587 1012 1613 coronae
1029 1588 1037 1613 ε

312 1633 424 1671 Mitte
443 1631 589 1677 sectari,
609 1642 690 1668 rosa
707 1642 782 1680 quo
801 1629 971 1667 locorum

523 1685 615 1723 Sera
633 1688 813 1722 moretur.

313 1739 480 1789 Simplici
499 1743 624 1789 myrto
642 1738 737 1775 nihil
755 1737 939 1775 allabores

314 1794 487 1839 Sedulus,
508 1805 613 1831 curo.
669 1792 805 1840 Neque
821 1795 861 1829 te
879 1790 1091 1828 ministrum

314 1848 486 1885 Dedecet
505 1850 664 1896 myrtus,
684 1857 808 1894 neque
827 1856 887 1882 me
907 1844 978 1882 sub
997 1849 1101 1881 arcta

520 1900 610 1938 Vite
627 1898 834 1937 bibentem.

1330 424 1379 461 15

1334 960 1384 998 25

1338 1229 1389 1266 30
