1414 2666
176 157 225 195 52
571 167 608 195 P.
637 167 762 196 ovmn
788 168 949 197 Msoms
1247 159 1340 212 [ΜΒ.

227 265 423 314 Uvidaque
436 277 457 302 e
475 268 605 303 tenero
617 265 770 316 palmite
783 278 929 315 gemma
947 270 1078 305 tumet.

177 319 345 368 Quaeque
363 319 429 356 diu
446 319 568 365 latuit,
587 332 700 365 nunc,
720 333 759 357 se
773 332 846 369 qua
864 319 974 358 tollat
987 321 1026 357 in
1048 333 1167 368 auras,

228 373 377 410 Fertilis
395 373 559 411 occultas
575 373 719 412 invenit
737 374 853 411 herba
868 374 959 412 vias.
1264 374 1341 412 240

175 426 286 464 Nunc
303 426 485 464 fecundus
505 439 593 476 ager
608 441 616 465 ε
646 428 789 476 pecoris
802 440 903 464 nunc
922 427 1015 465 hora
1033 429 1182 466 creandi
1200 441 1208 465 ε

226 480 339 518 Nunc
354 481 433 522 ‚avis
451 481 492 517 in
509 493 612 518 ramo
631 486 730 519 tecta
746 481 933 530 laremque
949 486 1067 530 parat.

175 532 360 583 Tempora
368 534 454 583 jure
473 534 601 573 colunt
620 534 738 573 Latiae
756 535 916 572 fecunda
932 540 1117 584 parentes,

229 587 398 632 Quarum
417 588 586 626 militiam
598 593 757 637 votaque
773 593 901 638 partus
919 588 1046 626 habet.

175 641 299 687 Adde,
320 642 422 691 quod
440 643 611 679 excubias
629 643 710 692 regi
729 642 922 680 Romanus
940 643 1087 691 agebat,
1266 642 1343 681 245

230 695 305 740 Qui
323 709 423 733 nunc
443 696 625 744 Esquilias
643 697 796 734 nomina
815 696 919 733 collis
936 695 1064 742 habet,

175 748 255 786 Illic
270 762 291 786 a
309 750 463 787 nuribus
481 750 507 787 J
509 750 625 787 unoni
644 750 782 799 templa
800 749 946 787 Latinis

228 802 311 840 Hac
330 810 430 848 sunt,
450 803 481 841 si
499 803 660 849 memini,
680 803 829 852 publica
846 803 944 840 facta
962 803 1036 841 die.

179 856 281 901 Quid
301 870 433 902 moror,
454 862 492 894 et
511 857 620 894 variis
640 869 754 894 onero
772 861 838 894 tua
856 862 1008 906 pectora
1026 857 1145 895 causis
1163 857 1182 895 ἱ)

231 910 381 948 Eminet
400 915 487 949 ante
505 911 643 956 oculos,
665 911 764 959 quod
783 911 892 960 petiS,
908 923 994 948 ecce
1011 916 1109 949 tuos.
1270 910 1348 948 250

178 964 300 1002 Mater
319 971 418 1002 amat
437 970 572 1013 nuptas
589 978 596 1002 :
627 964 754 1002 matris
773 977 832 1001 me
851 965 960 1002 turba
977 964 1228 1013 frequentant.

231 1019 327 1055 Haec
346 1031 414 1055 nos
433 1019 619 1068 praecipue
637 1022 714 1055 tam
733 1018 794 1067 pia
812 1030 921 1055 causa
939 1018 1062 1057 decet.

180 1072 289 1110 Ferte
308 1072 387 1109 deae
408 1072 539 1109 flores:
569 1072 710 1120 gaudet
727 1072 946 1109 florentibus
964 1072 1089 1110 herbis

229 1126 324 1163 Haec
344 1127 437 1163 dea:
466 1125 513 1163 de
533 1132 662 1164 tenero
682 1126 821 1175 cingite
839 1126 930 1163 flore
945 1132 1070 1176 eaput.

178 1179 315 1221 Dicite,
339 1179 398 1217 Tu
417 1180 537 1216 lucem
557 1179 675 1225 nobis,
698 1179 854 1225 Lucina,
876 1179 1038 1224 dedisti;
1270 1178 1348 1216 255

233 1234 369 1279 Dicite,
391 1232 449 1269 Tu
462 1238 549 1270 voto
568 1233 809 1281 parturientis
828 1233 929 1270 ades.

181 1287 219 1323 Si
240 1300 311 1335 qua
331 1294 458 1324 tamen
475 1287 631 1335 gravida
651 1291 718 1331 est,
738 1286 902 1324 resoluto
921 1286 1023 1324 crine
1040 1290 1227 1338 precetur,

233 1341 287 1379 Ut
306 1341 423 1378 solvat
436 1348 564 1390 partus
583 1339 745 1379 molliter
764 1339 829 1377 illa
847 1352 944 1378 suos.

182 1446 275 1491 Quis
295 1445 385 1482 mihi
399 1457 499 1481 nunc
518 1443 630 1489 dicet,
651 1456 765 1492 quare
784 1443 945 1481 coelestia
962 1443 1097 1482 Martis

233 1501 349 1536 Arma
367 1499 489 1536 ferant
508 1498 610 1543 Salii,
632 1497 933 1546 Mamuriumque
951 1503 1088 1536 canant
1105 1497 1126 1536 ἶ)
1274 1498 1352 1538 260

182 1552 368 1603 Nympha,
389 1565 510 1596 mone,
529 1552 672 1589 nemori
690 1556 897 1601 stagnoque
916 1557 1068 1601 operata
1087 1552 1246 1598 Dianae3

232 1607 421 1656 Nympha,
441 1607 575 1642 Numae
596 1605 746 1654 conjux,
767 1605 816 1642 ad
834 1611 900 1643 tua
917 1605 1016 1644 facta
1033 1607 1130 1645 veni.

184 1661 300 1698 Vallis
321 1661 483 1697 Aricinae
503 1659 608 1709 sylva
626 1659 849 1709 praecinctus
868 1671 984 1709 opaca

234 1714 303 1753 Est
322 1715 435 1759 lacus,
456 1714 608 1761 antiqua
625 1713 806 1762 religione
824 1725 937 1750 sacer.

183 1769 258 1805 Hic
277 1769 369 1806 latet
384 1767 617 1817 Hippolytus
635 1767 740 1804 furiis
759 1767 960 1804 distractus
971 1779 1149 1816 equorum
1171 1781 1179 1806 :
1275 1767 1354 1806 265

239 1822 349 1859 Unde
367 1834 498 1859 nemus
517 1821 628 1858 nullis
647 1820 741 1857 illud
759 1820 875 1857 initur
889 1820 1009 1870 equis.

188 1875 293 1913 Licia
310 1876 535 1925 dependent,
555 1875 688 1923 longas
707 1874 869 1912 velantia
887 1887 1003 1923 sepes,

236 1930 285 1967 Et
303 1929 423 1978 posita
443 1935 498 1966 est
516 1929 657 1965 meritae
676 1927 793 1965 multa
811 1927 949 1965 tabella
962 1927 1054 1966 deae.

185 1984 290 2032 Saepe
308 1989 440 2032 potens
459 1981 548 2027 voti,
568 1981 731 2019 frontem
749 1981 924 2019 redimita
942 1982 1100 2029 coronis,

239 2037 404 2075 Foemina
422 2036 589 2074 lucentes
607 2040 733 2085 portat
752 2035 799 2072 ab
817 2035 909 2072 urbe
927 2035 1036 2073 faces.
1278 2038 1355 2079 270

185 2092 320 2140 Regna
339 2095 470 2128 tenent
481 2090 667 2138 fortesque
683 2101 808 2134 manu,
828 2088 1059 2139 pedibusque
1076 2090 1226 2140 fugaces
1241 2106 1249 2130 z

237 2145 288 2183 Et
306 2145 402 2195 perit
422 2143 590 2193 exemplo
608 2142 806 2192 postmodo
825 2142 980 2192 quisque
998 2156 1077 2182 suo.

187 2199 331 2237 Defluit
344 2199 486 2235 incerto
505 2196 691 2247 lapidosus
709 2208 899 2233 murmure
915 2196 1016 2233 rivus
1036 2210 1045 2235 ς

239 2253 357 2302 Saepe,
372 2252 438 2289 sed
457 2251 600 2301 exiguis
617 2250 825 2296 haustibus,
843 2249 933 2288 inde
949 2250 1042 2288 bibi-

186 2307 322 2355 Egeria
341 2311 407 2351 est,
429 2317 511 2355 quae
530 2304 672 2354 praebet
691 2315 814 2351 aquaS,
835 2303 906 2341 dea
923 2308 1032 2352 grata
1052 2304 1247 2345 Camoenis.
1277 2309 1354 2349 275

220 2338 308 2396 offla
327 2360 460 2397 Numae
480 2358 617 2408 conjux
635 2357 902 2406 consiliumque
919 2357 1002 2395 fuit

188 2412 375 2464 Principio
392 2413 547 2450 nimium
566 2416 732 2462 promtos
750 2411 799 2450 ad
816 2411 915 2449 bella
935 2411 1101 2457 Quirites
