1414 2666
152 172 204 210 38
610 183 804 212 Aunnmos
826 181 872 209 11.

154 280 178 317 J
183 293 240 317 am
263 281 408 330 pridem
426 281 568 318 invisus
582 280 688 326 divis,
711 285 750 319 et
768 279 922 324 inutilis,
944 289 1064 316 annos

155 333 343 371 Demoror
358 348 367 378 ;
389 347 435 371 ex
454 347 529 383 quo
547 347 606 371 me
624 334 750 371 divom
768 338 887 383 pater,
907 338 1020 381 atque
1038 329 1228 368 hominum
1248 340 1326 375 rex,

156 387 338 425 Fulminis
357 388 509 425 adflavit
528 387 659 434 ventis,
680 395 718 426 et
737 387 895 436 contigit
910 385 1003 435 igni.

156 441 264 478 Talia
283 442 473 491 perstabat
492 454 712 485 memorans,
731 441 901 488 fixusque
919 438 1119 476 manebat:
1252 434 1330 474 650

158 493 239 534 Nos
259 500 400 539 contra,
422 494 528 531 effusi
546 494 718 539 lacrimis,
737 494 976 543 conjunxque
997 492 1147 536 Creusa,

158 548 428 596 Ascaniusque,
448 548 641 595 omnisque
660 548 803 591 domus,
821 560 869 583 ne
888 552 1032 584 vertere
1052 557 1177 582 secum

160 600 306 639 Cuncta
326 607 442 651 pater,
463 601 613 649 fatoque
633 601 809 649 urguenti
824 600 1048 642 incumbere,
1070 597 1194 635 vellet.

160 655 349 703 Abnegat,
370 655 593 704 inceptoque
613 659 649 691 et
670 654 819 690 sedibus
838 653 967 690 haeret
985 652 1025 688 in
1043 652 1173 688 isdem.

162 708 308 745 Rursus
328 709 365 744 in
386 721 487 745 arma
501 708 610 752 feror,
629 712 861 755 mortemque
880 705 1106 742 miserrimus
1123 709 1238 753 opto:
1259 702 1335 741 655

162 761 260 798 Nam
280 762 379 810 quod
401 761 607 804 consilium,
629 765 694 797 aut
714 760 896 809 quaejam
915 759 1068 796 fortuna
1086 757 1247 794 dabatur
1265 756 1285 794 ‘z‘

161 814 273 852 Mene
292 815 419 852 efferre
437 815 583 863 pedem,
600 813 761 862 genitor,
782 818 820 850 te
839 825 946 861 posse
963 811 1094 849 relicto

162 868 328 917 Sperasti
343 869 362 905 P
392 874 613 915 tantumque
632 867 734 903 nefas
753 867 875 915 patrio
895 864 1035 902 excidit
1053 876 1117 901 ore
1136 863 1155 901 ζ)

164 921 202 958 Si
218 922 310 958 nihil
332 935 376 958 ex
397 927 503 959 tanta
523 920 675 969 Superis
693 920 815 969 placet
836 919 927 956 urbe
945 918 1116 966 relinqui,

164 974 215 1013 Et
235 975 339 1013 sedet
358 975 429 1012 hoc
448 975 585 1017 animo,
606 974 867 1023 perituraeque
881 973 1019 1009 addere
1038 971 1070 1007 T
1073 970 1174 1020 rojae
1264 968 1342 1008 660

164 1029 294 1077 Teque
314 1035 472 1077 tuosque
487 1027 595 1077 juvat
612 1041 620 1070 ;
652 1033 754 1076 patet
774 1027 835 1064 isti
849 1026 966 1076 janua
984 1026 1082 1063 leto:

164 1082 325 1130 Jamque
346 1082 466 1119 aderit
484 1082 604 1118 multo
626 1081 763 1117 Priami
783 1081 831 1117 de
849 1079 1032 1128 sanguine
1055 1078 1233 1129 Pyrrhus,

165 1135 306 1173 Natum
328 1142 415 1173 ante
435 1149 500 1172 ora
519 1134 645 1184 patris,
669 1140 811 1184 patrem
830 1134 894 1182 qui
912 1134 1113 1171 obtruncat
1133 1132 1181 1170 ad
1200 1144 1293 1170 aras.

166 1189 252 1226 Hoc
271 1195 361 1234 erat,
383 1189 479 1226 alma
498 1201 642 1238 parens,
664 1188 765 1237 quod
785 1200 844 1224 me
862 1200 929 1237 per
948 1187 1038 1233 tela,
1059 1199 1126 1236 per
1140 1185 1250 1235 ignis,

166 1242 301 1292 Eripis,
323 1248 366 1281 ut
385 1243 515 1280 mediis
535 1243 679 1279 hostem
698 1242 736 1278 in
756 1241 1020 1290 penetralibus,
1041 1245 1158 1290 utque
1264 1237 1341 1278 665

166 1296 381 1342 Ascanium,
402 1305 619 1346 patremque
639 1308 773 1340 meum,
789 1295 975 1344 juxtaque
994 1295 1184 1339 CreUsam,

167 1350 338 1388 Alterum
359 1350 398 1386 in
418 1350 570 1388 alterius
589 1354 770 1387 mactatos
790 1349 983 1397 sanguine,
1004 1360 1153 1386 cernam
1168 1347 1188 1385 ⁶?

163 1404 294 1448 Arma,
315 1404 396 1449 viri,
417 1403 513 1441 ferte
533 1415 634 1440 arma
654 1416 662 1439 :
695 1407 803 1440 vocat
822 1402 889 1439 lux
907 1402 1041 1440 ultima
1054 1401 1185 1440 victos.

167 1457 334 1495 Reddite
353 1470 412 1494 me
431 1457 575 1494 Danais
591 1470 598 1494 :
629 1456 740 1494 sinite
760 1456 965 1494 instaurata
983 1455 1140 1493 revisam

169 1510 329 1548 Proelia.
385 1509 599 1560 Numquam
621 1522 749 1547 omnes
768 1510 880 1547 hodie
899 1509 1099 1547 moriemur
1116 1507 1242 1547 inulti.
1271 1507 1350 1550 670

223 1564 327 1601 Hinc
343 1564 442 1601 ferro
461 1565 635 1614 accingor
655 1577 796 1610 rursus,
817 1563 1012 1613 clipeoque
1029 1563 1218 1601 sinistram

170 1618 401 1656 Insertabam
423 1624 565 1668 aptans,
587 1630 719 1666 meque
739 1624 845 1656 extra
863 1622 964 1655 tecta
982 1617 1160 1654 ferebam.

171 1671 269 1709 Ecce
286 1672 293 1709 !
324 1676 460 1717 autem,
481 1672 673 1721 complexa
694 1672 818 1720 pedes,
841 1671 880 1707 in
899 1671 1027 1708 limine
1047 1670 1212 1720 conjunx

171 1725 375 1770 Haerebat,
397 1738 627 1774 parvumque
646 1725 744 1774 patri
763 1725 944 1762 tendebat
963 1724 1109 1762 Iulum:

173 1779 212 1816 Si
232 1779 418 1828 periturus
438 1780 528 1824 abis,
546 1785 583 1816 et
603 1792 670 1816 nos
689 1791 778 1827 rape
796 1778 836 1814 in
856 1778 981 1815 omnia
998 1783 1122 1816 tecum
1138 1791 1148 1822 ;
1271 1777 1349 1816 675

173 1832 239 1869 Sin
258 1833 419 1881 aliquam
439 1839 614 1883 expertus
634 1832 764 1869 sumtis
785 1844 886 1880 spem
906 1831 1013 1880 ponis
1030 1831 1070 1868 in
1087 1830 1210 1876 armis,

174 1885 286 1922 Hanc
306 1886 465 1935 primum
485 1892 610 1924 tutare
633 1886 796 1922 domum.
854 1885 926 1922 Cui
945 1897 1082 1934 parvus
1101 1884 1219 1930 Iulus,

177 1939 247 1976 Cui
267 1944 384 1988 pater,
405 1945 455 1985 et,
477 1939 640 1988 conjunx
659 1939 849 1988 quondam
869 1944 934 1977 tua
954 1939 1067 1984 dicta,
1087 1938 1279 1988 relinquor
1297 1937 1317 1976 ?

230 1993 336 2029 Talia
355 1993 571 2037 vociferans,
591 1993 735 2041 gemitu
754 1998 895 2030 tectum
915 2005 1024 2030 omne
1042 1991 1232 2042 replebat3

179 2047 305 2091 Quum
326 2047 487 2083 subitum
509 2047 688 2096 dictuque
707 2046 827 2083 oritur
846 2047 1015 2083 mirabile
1032 2050 1256 2084 monstrum.
1277 2043 1356 2082 680

176 2100 351 2148 Namque
369 2113 500 2137 manus
519 2100 628 2144 inter,
650 2105 952 2149 moestorumque
972 2112 1037 2137 ora
1054 2104 1264 2149 parentum,

178 2153 278 2190 Ecce
298 2154 306 2191 Σ
336 2154 427 2190 levis
446 2166 590 2190 summo
609 2154 656 2190 de
677 2154 814 2191 vertice
833 2154 932 2190 visus
953 2154 1026 2191 Iuli

180 2207 353 2244 Fundere
371 2207 497 2243 lumen
513 2219 618 2257 apex,
638 2211 815 2254 tactuque
832 2207 986 2245 innoxia
1003 2207 1126 2244 mollis

179 2261 363 2297 Lambere
381 2261 526 2297 flamma
548 2273 671 2297 comas
690 2265 727 2297 et
747 2261 886 2297 circum
904 2265 1074 2310 tempora
1092 2260 1206 2310 pasci.

180 2314 259 2351 Nos
280 2314 404 2362 pavidi
424 2315 612 2363 trepidare
631 2319 745 2358 metu,
767 2314 980 2363 crinemque
998 2315 1220 2363 flagrantem
1279 2312 1356 2350 685

181 2367 382 2411 Excutere,
403 2372 440 2404 et
461 2377 607 2405 sanctos
626 2368 859 2414 restinguere
876 2368 1044 2406 fontibus
1061 2369 1180 2417 ignes.

181 2421 235 2461 At
253 2426 360 2470 pater
379 2421 563 2458 Anchises
581 2421 708 2458 oculos
728 2421 776 2458 ad
796 2421 918 2459 sidera
935 2421 1057 2461 laetus
