1414 2666
316 346 360 384 P.
387 346 616 385 VIRGILII
645 347 886 386 MARONIS

231 461 969 529 AENEIDOS

512 578 642 611 LIBER
667 581 690 610 1.

24 809 114 847 Itur„
133 822 213 859 ego,
234 810 297 860 qui
315 810 500 861 quondam
518 811 644 861 gracili
667 811 876 849 modulatus
897 824 1010 848 avena

24 863 190 908 Carmen,
210 869 258 908 et,
280 877 447 913 egressus
466 864 575 910 silvis,
597 864 716 902 vicina
734 865 836 914 coegi

23 916 76 954 Ut
92 917 258 966 quamvis
277 917 385 955 avido
404 923 575 967 parerent
593 931 680 955 arva
698 919 849 961 colono;

23 970 178 1007 Gratum
198 983 289 1020 opus
308 971 476 1020 agricolis
494 985 502 1008 :
533 979 571 1010 at
590 984 688 1009 nunc
706 972 895 1010 horrentia
915 972 1057 1010 Martis.

20 1078 133 1114 Arma
151 1078 341 1128 virumque
360 1090 462 1122 cano,
485 1078 619 1127 Trojae
637 1079 698 1127 qui
718 1079 854 1127 primus
874 1079 919 1116 ab
939 1080 1010 1116 oris

17 1131 174 1177 ltaliam,
194 1131 271 1169 fato
289 1131 478 1181 profugus,
499 1131 655 1170 Lavinia
674 1132 774 1170 venit

20 1184 187 1223 Littora:
212 1185 367 1223 multum
385 1185 448 1222 ine
466 1191 504 1223 et
522 1186 630 1223 terris
643 1186 805 1234 jactatus
825 1191 862 1223 et
881 1186 967 1229 alto,

19 1238 65 1275 Vi
82 1238 265 1287 superum,
286 1251 414 1276 saevae
434 1251 627 1276 memorem
647 1239 673 1277 J
677 1240 808 1276 unonis
827 1240 874 1276 ob
892 1239 994 1276 iram.

19 1291 139 1330 Multa
156 1304 298 1341 qnoque
316 1298 354 1329 et
373 1292 468 1329 bello
488 1304 625 1340 passus,
646 1293 732 1330 dum
754 1293 930 1330 conderet
948 1294 1085 1340 urbem,

18 1345 244 1394 Inferretque
262 1346 349 1383 deos
370 1345 502 1389 Latio;
531 1359 648 1394 genus
668 1346 768 1383 unde
788 1346 972 1390 Latinum,

17 1399 224 1449 Albanique
243 1405 374 1448 patres,
395 1405 503 1448 atque
522 1401 618 1438 altae
637 1400 779 1436 moenia
800 1400 952 1436 Romae.

69 1452 186 1499 Musa,
207 1453 295 1489 mihi
314 1466 458 1490 caussas
478 1466 647 1498 memora,
669 1466 740 1502 quo
760 1455 910 1490 numine
929 1454 1037 1503 laeso-¹.

19 1506 165 1551 Quidve
183 1507 322 1550 dolens,
344 1507 472 1555 regina
490 1507 600 1544 defun
620 1513 677 1545 tot
697 1507 842 1544 volvere
861 1520 964 1544 casus

20 1559 204 1608 Insignem
223 1560 360 1609 pietate
377 1561 506 1604 virum,
528 1566 585 1599 tot
604 1561 705 1598 adire
724 1561 877 1606 labores,

18 1612 232 1662 Impulerit:
262 1618 435 1651 tantaene
454 1614 585 1651 animis
603 1614 820 1652 coelestibus
839 1615 914 1651 irae
932 1615 950 1651 Ρ

72 1666 168 1704 Urbs
186 1667 333 1715 antiqua
351 1667 431 1712 fuit,
455 1667 559 1716 Tyrii
578 1673 730 1705 tenuere
749 1668 879 1713 coloni,

19 1720 216 1768 Carthago,
238 1720 382 1757 Italiam
400 1725 528 1757 contra
548 1721 793 1769 Tiberinaque
812 1722 919 1769 longe

19 1773 134 1819 Ostia,
155 1774 258 1811 dives
276 1786 398 1823 opum,
418 1774 619 1823 studiisque
638 1776 834 1824 asperrima
853 1775 937 1812 belli
955 1789 962 1816 ;

19 1827 137 1872 Quam
156 1827 258 1864 Juno
276 1827 392 1865 fertur
411 1828 516 1865 terris
536 1828 651 1877 magis
670 1829 838 1865 omnibus
857 1841 966 1866 unam

19 1880 235 1919 Posthabita
253 1880 409 1918 coluisse
429 1881 549 1918 Samo.
606 1881 680 1918 Hic
699 1882 796 1918 illius
816 1895 926 1927 arma,

17 1933 92 1971 Hic
109 1947 237 1971 currus
254 1934 324 1972 fuit
340 1948 348 1972 :
378 1934 446 1971 hoc
464 1948 619 1984 regnum
639 1935 707 1972 dea
726 1936 898 1984 gentibus
918 1948 1006 1978 esse,

17 1986 56 2024 Si
75 2000 147 2037 qua
164 1987 238 2025 fata
257 1987 390 2033 sinant,
405 1988 481 2037 jam
501 1995 580 2027 tum
599 1989 791 2038 tenditque
810 1990 994 2038 fovetque.

19 2039 238 2090 Progeniem
253 2041 318 2077 sed
337 2043 432 2078 enim
455 2042 616 2089 Trojano
635 2055 656 2079 a
675 2043 854 2091 sanguine
872 2043 957 2079 duci

18 2094 209 2139 Audierat,
233 2094 363 2143 Tyrias
381 2096 466 2132 olim
485 2108 578 2144 quae
596 2103 753 2133 verteret
773 2109 874 2133 arces
890 2109 898 2139 ;

18 2146 119 2185 Hinc
139 2148 325 2197 populum,
345 2148 418 2185 late
437 2161 572 2197 regem,
588 2149 757 2197 belloque
775 2151 982 2199 superbum,

18 2199 226 2239 Venturum
246 2201 390 2238 excidio
410 2202 573 2251 Libyae3
602 2203 654 2239 sic
675 2203 818 2239 volvere
841 2203 984 2240 Parcas.

21 2252 64 2290 Id
83 2261 260 2299 metuens,
282 2255 486 2303 veterisque
505 2268 655 2300 memor,
678 2256 861 2300 Saturnia,
884 2257 979 2301 belli,

20 2306 143 2345 Prima
162 2308 262 2358 quod
279 2308 326 2345 ad
347 2308 498 2358 Trojam
517 2321 583 2358 pro
603 2310 694 2346 caris
712 2317 875 2358 gesserat
895 2310 1006 2358 Argis
1024 2323 1030 2346 :

19 2359 98 2398 Nec
117 2361 204 2398 dum
224 2361 332 2399 etiam
352 2374 500 2399 caussae
517 2363 652 2399 irarum
672 2363 842 2412 saevique
860 2363 1004 2400 dolores

20 2412 244 2452 Exciderant
263 2415 386 2452 animo
402 2429 410 2460 ;
432 2422 556 2454 manet
575 2416 649 2453 alta
671 2423 793 2454 mente
811 2424 997 2466 repostum

1154 1083 1175 1118 <a

1134 1351 1143 1384 l
1155 1351 1176 1386 [ὓ

1124 2418 1174 2454 30
