1414 2666
117 209 168 245 42
416 207 460 245 P.
492 207 741 247 VIRGILII
768 209 813 246 Μ
819 208 1033 248 ARONIS
1197 209 1314 262 [Lus

123 314 254 352 Sic-ubi
276 327 416 364 magna
435 315 464 353 J
467 316 550 352 ovis
570 317 728 365 antiquo
747 318 885 355 robore
904 329 1071 366 quercus

118 368 305 417 Ingentes
322 370 457 406 tendat
475 382 612 415 ramos,
633 377 699 408 aut
719 371 843 408 sicubi
862 371 1018 420 nigrum

116 422 279 460 Ilicibus
298 423 444 459 crebris
464 435 571 460 sacra
589 436 725 461 nemus
745 426 904 462 accubet
923 425 1080 468 umbra;

119 474 223 512 Tum
243 482 378 512 tenues
398 476 490 514 dare
508 488 644 514 rursus
665 491 794 526 aquas,
815 484 854 515 et
872 490 1030 527 pascere
1047 490 1184 515 rursus
1235 478 1315 515 335

121 528 222 566 Solis
242 530 291 566 ad
309 541 503 574 occasum3
525 543 613 567 cum
631 531 798 579 frigidus
818 533 907 568 aera
926 543 1063 580 vesper

119 582 342 632 Temperat⁷
362 590 400 620 et
420 584 540 621 saltus
558 585 684 622 reficit
704 582 785 632 jam
806 585 955 622 roscida
972 585 1077 629 luna,

116 635 301 685 Litoraqe
322 637 508 687 alcyonen
526 645 720 684 resonant,
741 639 984 676 acalanthida
1001 638 1121 675 dumi.

173 689 278 736 Quid
296 691 369 727 tibi
389 697 559 739 pastores
579 691 726 741 Libyae,
749 693 844 740 quid
864 705 1006 741 pascua
1024 703 1139 728 versu

116 743 347 793 Prosequar,
368 750 407 782 et
425 745 524 781 raris
543 745 718 782 habitata
736 747 901 794 mapalia
919 744 1055 783 tectis?
1236 745 1322 781 340

122 797 234 846 Saepe
253 798 355 835 diem
375 804 603 847 noctemque
623 805 661 835 et
680 805 804 835 totum
824 812 875 836 ex
894 799 1029 835 ordine
1047 810 1218 835 mensem

117 850 299 888 Pascitur
318 852 426 900 itque
445 864 563 900 pecus
580 852 698 900 longa
716 852 757 888 in
777 853 929 889 deserta
947 852 1031 889 sine
1048 852 1139 888 ullis

120 904 312 953 Hospitiis
321 919 330 948 3
350 911 501 941 tantum
523 905 647 954 campi
671 905 792 953 jacet.
850 905 991 943 Omnia
1012 917 1143 942 secum

119 958 397 995 Armentarius
418 957 518 995 Afer
539 959 630 1007 agit,
651 965 875 1008 tectumque
894 959 1112 1008 Laremque

119 1012 321 1060 Armaque
332 1012 652 1062 Amyclaeumque
664 1025 799 1050 canem
810 1012 1065 1061 Cressamque
1077 1012 1298 1062 pharetram
1307 1025 1323 1054 ;

119 1065 212 1102 Non
236 1078 345 1103 secus
364 1078 408 1102 ac
428 1066 565 1114 patriis
585 1078 673 1103 acer
695 1066 895 1104 Romanus
913 1067 955 1103 in
977 1066 1095 1103 armis
1239 1067 1322 1102 346

120 1118 272 1167 Injusto
293 1120 364 1156 sub
383 1118 486 1157 fasce
507 1120 611 1157 viam
631 1132 719 1157 cum
738 1121 873 1169 carpit,
894 1126 933 1157 et
951 1120 1054 1157 hosti

120 1179 230 1210 Ante
249 1179 514 1222 exspectatum
536 1173 671 1222 positis
691 1179 767 1211 stat
786 1175 826 1210 in
846 1174 1000 1222 agmine
1019 1173 1168 1211 castris·

122 1227 181 1263 At
200 1239 288 1271 non,
310 1239 386 1275 qua
409 1226 580 1276 Scythiae
600 1234 735 1274 gentes
755 1225 989 1276 Maeotiaque
1008 1227 1124 1272 unda,

122 1279 322 1317 Turbidus
342 1286 381 1317 et
399 1286 582 1329 torquens
601 1281 789 1318 flaventes
810 1281 947 1318 Hister
965 1293 1112 1325 arenas,
1241 1280 1323 1316 350

123 1332 286 1382 Quaque
306 1334 406 1371 redit
426 1335 594 1371 medium
617 1333 800 1383 Rhodope
819 1340 996 1383 porrecta
1016 1335 1088 1371 sub
1106 1346 1233 1371 axem.

119 1387 208 1425 Illic
227 1388 356 1425 clausa
375 1393 509 1424 tenent-
528 1388 690 1425 stabulis
709 1394 893 1433 armenta,
914 1400 1039 1437 neque
1059 1383 1146 1424 ulla}

120 1441 207 1477 Aut
219 1441 356 1478 'herbae
377 1453 512 1489 campo
531 1447 729 1488 apparent,
751 1448 818 1478 aut
837 1443 974 1479 arbore
992 1441 1164 1478 frondes:

125 1494 201 1532 Sed
215 1494 321 1542 jacet
341 1495 549 1544 aggeribus
569 1495 694 1532 niveis
712 1494 890 1532 informis
910 1501 948 1532 et
967 1495 1043 1532 alto

123 1548 247 1586 Terra
266 1549 355 1598 gelu
376 1549 465 1594 late,
487 1555 709 1597 septemque
729 1549 905 1597 adsurgit
923 1549 964 1585 in
984 1549 1112 1592 ulnas;
1161 1591 1175 1606 ·
1243 1547 1324 1584 355

127 1601 289 1651 Semper
305 1603 440 1647 hiems,
463 1614 613 1650 semper
633 1603 822 1650 spirantes
842 1602 987 1651 frigora
1008 1601 1143 1640 Cauri.

126 1655 228 1692 Tum
252 1655 318 1693 Sol
338 1656 525 1705 pallentes
545 1656 647 1692 haud
667 1668 848 1705 umquam
869 1657 1029 1694 discutit
1049 1656 1220 1693 umbras:

124 1709 211 1746 Nec
231 1722 319 1746 cum
338 1711 516 1746 invectus
536 1710 645 1758 equis
666 1710 786 1746 altum
806 1710 903 1758 petit
924 1710 1078 1754 aethera,
1100 1721 1171 1746 nec
1190 1720 1280 1746 cum

122 1762 371 1812 Praecipitem
402 1762 547 1801 Oceani
567 1764 686 1800 rubro
704 1764 800 1800 lavit
819 1775 972 1811 aequore
991 1775 1163 1800 currum.

126 1815 393 1854 Concrescunt
413 1817 549 1853 subitze
569 1817 739 1853 currenti
759 1817 800 1852 in
819 1817 980 1854 flumine
999 1823 1152 1861 crustas,
1245 1815 1330 1852 360

124 1870 319 1918 Undaque
347 1870 429 1917 jam
456 1876 565 1918 tergo
585 1869 747 1908 ferratos
767 1870 931 1907 sustinet
951 1871 1075 1914 orbes,

125 1923 330 1973 Puppibus
349 1924 416 1960 illa
435 1923 555 1971 prius,
576 1923 718 1972 patulis
733 1936 837 1960 nunc
856 1923 1009 1972 hospita
1028 1922 1228 1972 plaustris:

127 1977 303 2026 AEraque
323 1977 518 2014 dissiliunt
538 1977 663 2025 volg0‚
686 1984 890 2025 vestesque
909 1977 1108 2026 rigescunt

127 2031 291 2076 Indutae,
313 2031 542 2079 caeduntque
562 2030 762 2067 securibus
779 2030 939 2068 humida
958 2031 1062 2076 vina,

127 2085 182 2122 Et
200 2091 289 2122 totae
311 2084 469 2121 solidam
488 2084 528 2120 in
549 2083 713 2132 glaciem
732 2090 885 2121 vertere
904 2084 1069 2128 lacunae3
1246 2083 1324 2119 365

131 2138 327 2187 Stiriaque
346 2137 513 2186 impexis
533 2137 709 2174 induruit
727 2138 885 2175 horrida
903 2138 1045 2175 barbis.

127 2193 285 2230 Interea
303 2198 385 2229 toto
404 2204 480 2228 non
502 2191 626 2228 secius
645 2197 733 2228 aere
753 2191 927 2240 ninguit3

128 2246 334 2283 Intereunt
355 2245 531 2294 pecudes,
554 2251 656 2282 stant
676 2245 911 2282 circumfusa
929 2244 1080 2293 pruinis

130 2299 303 2348 Corpora
322 2311 462 2348 magna
480 2299 607 2344 boum,
629 2298 879 2347 confertoque
898 2298 1052 2346 agmine
1071 2297 1175 2335 cervi

130 2353 305 2402 Torpent
325 2353 424 2390 mole
444 2365 555 2398 nova,
578 2358 615 2389 et
636 2352 794 2389 summis
815 2352 884 2389 vix
902 2352 1084 2389 cornibus
1102 2355 1272 2388 exstant.

132 2406 217 2443 Hos
238 2419 315 2443 non
335 2406 518 2443 immissis
537 2406 708 2451 canibus,
730 2418 808 2442 non
827 2405 1000 2443 cassibus
1018 2404 1119 2449 ullis,
1247 2403 1322 2442 371

130 2460 362 2497 Puniceaeve
382 2459 530 2506 agitant
552 2459 713 2508 pavidos
728 2458 933 2497 formidine
952 2459 1095 2508 pinnae:
1303 2452 1310 2459 ’
