1475 2712
523 177 734 207 CARMINUM
760 177 802 207 11.

178 275 250 312 Fas
270 274 478 324 pervicaces
497 277 553 311 est
571 272 661 311 mihi
682 271 885 322 Thyiadas,

178 328 344 377 Vinique
361 327 514 372 fontem,
529 325 637 364 lactis
656 330 694 364 et
713 327 847 366 uberes

235 381 399 420 Cantare
417 380 525 425 rivos,
546 384 660 428 atque
679 380 822 419 truncis

287 434 411 484 Lapsa
428 433 528 471 cavis
546 433 683 471 iterare
697 432 808 471 mella
824 447 832 471 ε

179 489 251 526 Fas
271 492 309 526 et
323 489 455 525 beatae
473 486 640 535 conjugis
658 486 829 526 additum

178 541 304 580 Stellis
323 541 514 586 honorem,
535 544 711 588 tectaque
730 539 892 579 Penthei

232 593 398 642 Disjecta
416 606 494 631 non
512 593 589 631 leni
607 594 728 639 ruina,

283 647 439 685 Thracis
458 651 497 685 et
515 646 674 687 exitium
694 645 875 696 Lycurgi.

177 701 237 739 Tu
254 700 374 738 flectis
393 712 531 745 amnes»,
552 705 596 738 tu
614 712 717 737 mare
734 700 938 738 barbarum
958 713 966 738 :

177 754 249 798 Tu,
266 753 456 802 separatis,
477 753 626 799 uvidus,
646 753 686 789 in
699 753 816 802 jugis,

232 807 346 845 Nodo
365 811 513 844 coerces
530 806 699 855 viperino

281 860 523 899 Bistonidum
543 860 622 897 sine
640 859 775 898 fraude
797 860 930 897 crines.

175 912 248 960 Tu,
270 926 355 952 cum
374 913 541 963 parentis
560 925 678 962 regna
695 925 763 962 per
790 912 951 951 arduum

176 967 321 1004 Cohors
339 967 538 1016 gigantum
552 966 749 1004 scanderet
766 966 892 1016 impia,

226 1020 418 1058 Rhoetum
438 1019 622 1057 retorsisti
640 1019 760 1057 leonis

280 1073 484 1122 Unguibus
503 1072 748 1121 horribilique
765 1072 863 1110 mala
879 1086 888 1110 :

174 1126 424 1175 Quamquam,
447 1126 592 1163 choreis
611 1125 735 1175 aptior
753 1130 792 1164 et
804 1125 901 1174 jocis

175 1179 363 1229 Ludoque
381 1179 516 1224 dictus,
534 1191 611 1216 non
631 1183 688 1216 sat
707 1178 865 1217 idoneus

228 1232 387 1281 Pugnae
404 1232 604 1276 ferebaris3
635 1232 701 1269 sed
718 1231 819 1269 idem

280 1286 388 1323 Pacis
408 1298 488 1323 eras
508 1285 729 1334 mediusque
747 1285 849 1323 belli.

176 1338 233 1376 Te
250 1339 347 1377 vidit
365 1339 495 1376 insons
514 1338 700 1376 Cerberus
720 1350 833 1376 aureo

174 1391 303 1430 Cornu
322 1392 511 1438 decorum,
531 1392 667 1430 leniter
686 1395 853 1430 atterens

228 1445 396 1484 Caudam
416 1459 425 1490 ;
456 1451 494 1484 et
508 1445 722 1483 recedentis
738 1445 913 1495 trilingui

284 1498 362 1537 Ore
381 1499 495 1549 pedes
514 1499 720 1548 tetigitque
734 1511 855 1537 crura.

365 1565 455 1604 ODE
476 1564 687 1603 XX.—Ad
702 1565 960 1605 Maecenatem.

171 1631 265 1669 NON
282 1631 421 1669 usitata
440 1644 510 1669 nec
526 1631 634 1669 tenui
651 1631 748 1669 ferar

175 1684 307 1722 Penna
324 1685 492 1722 biformis
509 1698 576 1734 per
592 1684 779 1733 liquidum
797 1684 950 1723 aethera

227 1737 346 1776 Vates
361 1752 370 1783 ;
400 1750 523 1787 neque
540 1738 579 1775 in
594 1738 704 1776 terris
724 1739 898 1776 morabor

280 1791 451 1840 Longius
468 1805 476 1829 :
506 1791 722 1840 invidiaque
741 1791 860 1840 major

175 1844 299 1882 Urbes
317 1845 539 1894 relinquam.
593 1844 685 1881 Non
703 1856 786 1893 ego,
807 1856 1015 1894 pauperum

173 1897 336 1947 Sanguis
354 1903 564 1947 parentum,
580 1910 659 1935 non
677 1910 747 1946 ego
766 1909 877 1946 quem
895 1910 1004 1936 vocas

226 1950 418 1997 DILECTE,
439 1952 650 1997 Maecenas,
672 1951 797 1998 obibo,

279 2005 362 2042 Nec
382 2005 515 2055 Stygia
534 2005 736 2042 cohibebor
757 2004 873 2042 unda.

167 2056 256 2094 Jam
269 2056 351 2106 jam
368 2059 540 2097 residunt
559 2058 729 2096 cruribus
749 2070 902 2107 asperae

175 2109 298 2148 Pelles
318 2124 327 2155 3
358 2115 397 2149 et
415 2111 541 2149 album
559 2116 684 2149 mutor
702 2111 743 2148 in
762 2111 889 2150 alitem

226 2163 421 2213 Superna3
450 2168 732 2214 nascunturque
749 2165 850 2203 leves

279 2217 354 2255 Per
372 2217 512 2266 digitos
530 2217 780 2267 humerosque
797 2218 959 2268 plumae.

170 2270 259 2308 Jam
278 2270 474 2309 Daedaleo
494 2271 595 2308 ocior
615 2271 723 2309 Icaro

171 2324 302 2362 Visam
319 2325 504 2373 gementis
522 2325 652 2363 littora
671 2324 838 2374 Bospori,

225 2377 430 2429 Syrtesque
449 2378 641 2424 Gaetulas,
662 2390 821 2415 canorus

279 2431 381 2479 Ales,
403 2431 746 2522 Hyperborzigsgue
763 2442 927 2481 campos.

1206 165 1256 203 41

1211 323 1258 362 10

1208 591 1254 628 15

1201 858 1254 895 20

1200 1124 1251 1162 25

1202 1391 1255 1430 30

1229 1846 1252 1883 CX

1201 2110 1252 2149 10

1197 2377 1246 2416 15
