1475 2712
579 175 770 203 AENEIDOS
790 175 816 201 1.
1233 159 1281 200 15

125 275 195 314 Per
214 280 359 319 terram,
380 279 418 313 et
438 286 540 311 versa
558 272 680 322 pulvis
697 271 911 309 inscribitur
930 269 1047 308 hasta.

125 329 273 367 Interea
292 329 339 366 ad
359 327 535 377 templum
555 339 632 363 non
651 337 789 374 aequae
810 324 971 362 Palladis
989 324 1093 362 ibant

123 382 298 420 Crinibus
318 382 450 419 Iliades
469 379 594 430 passis,
615 379 838 429 peplumque
856 378 1036 423 ferebant,

121 436 344 486 Suppliciter
362 435 496 475 tristes,
517 438 554 471 et
573 438 705 471 tunsae
723 436 874 481 pectora
891 431 1021 481 palmis
1039 446 1047 468 :
1207 431 1281 468 485

121 489 220 527 Diva
237 490 315 527 solo
333 489 425 526 fixos
444 487 569 525 oculos
589 498 716 524 aversa
734 486 897 524 tenebat.

121 542 196 580 Ter
214 543 350 580 circum
367 542 496 579 Iliacos
515 543 727 590 raptaverat
746 539 913 577 Hectora
930 551 1065 583 muros,

122 595 416 645 Exanimumque
434 607 524 632 auro
544 606 676 643 corpus
696 593 881 630 vendebat
901 592 1079 630 Achilles.

121 649 218 687 Tum
236 662 323 687 vero
341 649 525 697 ingentem
543 647 724 697 gemitum
743 647 808 684 dat
826 651 976 695 pectore
994 647 1041 682 ab
1055 645 1140 691 imo,

124 703 176 741 Ut
194 703 321 752 spolia,
341 707 383 740 ut
402 715 541 746 currus,
562 706 678 750 utque
695 700 814 749 ipsum
836 712 969 749 corpus
987 699 1107 743 amici,
1205 699 1283 737 490

121 756 425 804 Tendentemque
444 768 575 793 manus
597 755 784 791 Priamum
803 754 995 802 conspexit
1014 753 1173 790 inermis.

120 811 168 847 Se
186 822 332 859 quoque
349 809 576 859 principibus
596 807 819 857 permixtum
839 807 992 856 agnovit
1013 807 1174 850 Achivis,

121 864 290 913 ansque
309 863 415 907 acies,
437 868 475 901 et
494 862 592 910 nigri
613 861 821 899 Memnonis
841 874 955 898 arma.

119 917 235 954 Ducit
255 916 524 953 Amazonidum
542 915 678 953 lunatis
698 915 844 963 agmina
861 914 969 963 peltis

120 971 354 1008 Penthesilea
371 970 508 1015 furens,
528 969 731 1018 mediisque
750 969 788 1004 in
809 969 968 1005 millibus
987 968 1106 1013 ardet,
1206 968 1281 1004 495

117 1025 243 1061 Aurea
261 1024 482 1060 subnectens
501 1028 668 1060 exsertae
686 1023 835 1071 cingula
855 1034 1044 1067 mammae,

120 1077 315 1119 Bellatrix3
345 1077 533 1125 audetque
552 1076 640 1113 viris
659 1089 880 1113 concurrere
900 1075 1017 1124 virgo.

169 1130 275 1168 Haec
293 1130 381 1167 dum
401 1129 595 1166 Dardanio
614 1130 764 1166 Aeneae
782 1129 950 1166 miranda
971 1129 1155 1174 videntur,

115 1183 219 1221 Dum
238 1188 374 1233 stupet,
396 1184 604 1232 obtutuque
622 1183 750 1220 haeret
768 1182 911 1219 defixus
930 1182 968 1218 in
987 1195 1063 1219 uno
1079 1195 1088 1225 ;

118 1238 266 1287 Regina
285 1237 332 1274 ad
351 1237 541 1285 templum,
560 1237 679 1273 forma
696 1236 954 1285 pulcherrima,
977 1236 1079 1273 Dido
1203 1236 1280 1273 500

122 1291 305 1336 Incesssit,
325 1303 461 1339 magna
473 1290 656 1339 juvenum
674 1290 836 1339 stipante
856 1296 1014 1328 caterva.

122 1345 252 1390 Qualis
266 1344 303 1380 in
325 1344 488 1381 Eurotae
505 1344 605 1393 ripis,
627 1348 692 1381 aut
710 1357 776 1393 per
788 1344 882 1392 juga
903 1342 1055 1393 Cynthi,

121 1398 280 1435 Exercet
300 1397 424 1434 Diana
442 1398 597 1441 choros3
626 1410 734 1446 quam
748 1398 848 1434 mille
862 1403 1010 1434 secutae

120 1452 222 1489 Hinc
240 1456 350 1500 atque
369 1451 454 1489 hinc
472 1452 727 1500 glomerantur
748 1451 912 1488 Oreades
928 1465 936 1488 :
967 1451 1029 1487 illa
1048 1450 1256 1499 pharetram

123 1505 210 1543 Fert
228 1505 393 1549 humero,
409 1505 653 1553 gradiensque
672 1504 759 1541 deas
776 1505 1024 1554 supereminet
1043 1507 1161 1543 omnis
1176 1520 1185 1550 ς
1207 1507 1282 1544 505

121 1559 287 1597 Latonae
306 1558 459 1596 tacitum
478 1563 691 1607 pertentant
709 1559 846 1606 gaudia
865 1564 993 1608 pectus
1013 1571 1021 1595 :

122 1613 223 1650 Talis
241 1617 320 1649 erat
339 1611 452 1657 Dido,
470 1612 581 1650 talem
600 1625 639 1649 se
656 1612 752 1649 laeta
770 1612 911 1651 ferebat

126 1666 198 1703 Per
217 1666 368 1710 medios,
390 1666 532 1703 instans
545 1666 646 1714 operi
664 1666 862 1714 regnisque
879 1666 1027 1704 futuris.

123 1720 219 1757 Tum
239 1719 377 1756 foribus
397 1719 513 1764 divae,
537 1719 656 1755 media
675 1720 863 1757 testudine
882 1721 1021 1769 templi,

123 1773 235 1823 Septa
253 1772 372 1817 armis,
393 1773 558 1821 solioque
577 1773 650 1810 alte
669 1773 837 1818 subnixa,
859 1775 1006 1812 resedit.
1209 1776 1285 1813 510

120 1828 146 1865 J
149 1840 215 1864 ura
234 1827 347 1863 dabat
366 1826 538 1875 legesque
558 1826 666 1863 viris:
697 1839 920 1876 operumque
938 1828 1100 1866 laborem

123 1881 292 1918 Partibus
312 1880 492 1928 aequabat
506 1879 629 1928 justis,
648 1886 712 1919 aut
732 1886 830 1918 sorte
849 1881 1043 1920 trahebat:

123 1935 249 1980 Quum
268 1933 390 1970 subito
408 1934 553 1970 Aeneas
573 1946 753 1971 concursu
771 1934 944 1971 accedere
963 1948 1099 1985 magno

121 1987 272 2025 Anthea
292 1986 577 2035 Sergestumque
593 1987 704 2033 videt,
725 1988 930 2036 fortemque
951 1989 1186 2036 Cleant-hum,

124 2042 423 2087 Teucrorumque
442 2041 555 2084 alios3
584 2046 663 2078 ater
683 2055 774 2091 quos
810 2054 970 2090 aequore
987 2044 1098 2081 turbo
1207 2044 1282 2081 515

124 2093 353 2143 Dispulerat,
372 2094 591 2142 penitusque
610 2094 698 2132 alias
718 2100 891 2133 avexerat
910 2108 1005 2132 oras.

124 2146 329 2195 Obstupuit
347 2147 454 2183 simul
473 2147 562 2197 ipse,
584 2147 692 2185 simul
711 2161 904 2197 percussus
924 2149 1086 2188 Achates

124 2201 358 2248 Laetitiaque
377 2205 552 2250 metuque
568 2215 575 2238 :
606 2202 705 2238 avidi
723 2202 950 2251 conjungere
968 2203 1117 2242 dextras

122 2255 342 2299 Ardebant3
370 2254 434 2290 sed
453 2267 511 2291 res
528 2255 668 2292 animos
681 2256 872 2304 incognita
890 2257 1028 2294 turbat.

125 2306 374 2347 Dissimulant
390 2319 399 2350 3
428 2312 466 2345 et
485 2309 585 2345 nube
603 2321 692 2346 cava
710 2309 947 2358 speculantur
966 2310 1103 2356 amicti,
1210 2312 1287 2350 520

128 2365 236 2409 Quae
255 2360 406 2397 fortuna
425 2361 512 2399 viris
532 2374 541 2406 ;
571 2361 722 2399 classem
742 2376 816 2411 quo
834 2363 961 2401 littore
979 2364 1152 2413 linquant
1171 2378 1180 2410 ;

127 2415 232 2464 Quid
251 2414 402 2452 veniant
422 2427 430 2452 :
460 2415 603 2454 cunctis
621 2428 708 2453 nam
726 2416 813 2454 lecti
831 2416 987 2456 navibus
1004 2418 1121 2464 ibant,
