1414 2666
162 148 218 186 -64
555 160 596 187 Ρ.
623 160 748 189 ovum
774 161 934 190 naseins
1235 152 1330 204 [ιω.

165 256 224 293 Tu
243 269 389 306 quoque
409 257 596 297 Thebanae
613 260 707 297 mala
726 258 851 309 praeda
868 259 1038 297 tacebere
1055 259 1182 297 matris
1201 271 1211 297 z

218 310 336 361 Inque
353 316 462 349 tuum
483 311 604 350 Furiis
623 319 714 359 acte,
737 313 924 362 Lycurge,
943 325 1055 361 genu.

164 365 263 403 Ecce
281 364 373 402 libet
391 365 533 403 subitos
551 367 679 416 pisces,
702 366 971 417 Tyrrhenaque
989 370 1155 405 monstra

216 419 352 456 Dicere
371 431 379 462 ;
409 419 474 456 sed
492 431 570 457 non
589 428 645 458 est
664 420 834 458 carminis
853 420 974 469 hujus·
982 432 1085 469 opus.

165 472 348 510 Carminis
366 471 476 521 hujus
495 486 598 522 opus,
619 487 746 512 causas
765 486 993 523 expromere,
1012 485 1127 523 quare
1248 473 1328 514 725

216 527 310 564 Vilis
329 538 422 563 anus
439 527 596 576 populos
615 529 663 565 ad
680 540 746 566 sua
763 528 839 566 liba
857 534 977 565 vocet.

163 581 265 619 Ante
283 587 367 618 tuos
386 586 488 618 ortus
508 593 581 618 arae
601 582 679 619 sine
698 581 838 620 honore
855 582 1020 626 fuerunt,

218 634 340 680 Liber,
357 639 395 672 et
413 634 452 670 in
471 635 604 683 gelidis
623 636 738 673 herba
753 643 900 685 reperta
917 635 1020 672 focis.

164 687 219 725 Te
238 693 455 732 memorant,
477 689 610 738 Gange
629 694 783 739 totoque
806 689 962 727 Oriente
981 689 1146 735 subacto,

215 741 401 780 Primitias
415 754 551 790 magno
571 743 774 791 seposuisse
791 743 817 780 J
820 743 891 780 ovi.
1252 740 1330 783 730

165 795 346 833 Cinnama
364 801 405 833 tu
424 796 564 844 primus
583 797 801 846 captivaque
812 797 923 834 thura
941 796 1089 842 dedisti,

218 849 350 898 Deque
368 849 598 898 triumphato
617 851 757 888 viscera
776 855 876 888 tosta
893 851 1001 887 bove.

166 902 325 940 Nomine
344 903 390 939 ab
409 903 570 940 auctoris
589 904 731 942 ducunt
745 904 920 941 libamina
939 916 1084 949 nomen,

221 956 394 1006 Libaque,
417 958 516 1005 quod
534 958 645 994 sacris
664 971 749 1007 pars
768 958 878 996 (latur
896 957 984 994 inde
1001 957 1104 995 focis.

168 1010 260 1048 Liba
280 1011 350 1047 deo
369 1010 487 1048 fiunt:
516 1012 632 1049 succis
653 1012 740 1060 quia
758 1011 928 1048 dulcibus
947 1012 1010 1048 ille
1253 1009 1330 1049 735

219 1064 379 1109 Gaudet,
401 1070 438 1101 et
460 1078 480 1102 a
500 1065 647 1103 Baccho
666 1066 776 1103 mella
794 1071 941 1114 reperta
959 1065 1096 1102 ferunt.

164 1115 249 1155 Ibat
266 1130 419 1155 arenoso
440 1118 531 1169 Saty
534 1119 582 1157 ris
602 1120 800 1157 comitatus
820 1120 867 1156 ab
886 1118 1042 1156 Hebro.

221 1164 325 1221 (Non
343 1172 454 1210 habet
473 1172 640 1221 ingratos
658 1173 783 1210 fabula
796 1178 923 1210 nostra
937 1172 1042 1221 jocos
1061 1170 1089 1222 z)

164 1225 322 1274 Jamque
341 1232 420 1263 erat
438 1226 485 1263 ad
506 1226 730 1276 Rhodopen,
753 1226 989 1275 Pangaeaque
1007 1225 1138 1262 florida
1157 1230 1306 1262 ventum
1323 1237 1332 1261 ε

220 1279 382 1316 AEriferae
401 1280 577 1317 comitum
596 1292 843 1329 concrepuere
862 1292 1002 1316 manus.
1254 1277 1333 1317 740

166 1332 263 1370 Ecce
282 1345 386 1370 novae
401 1338 536 1371 coeunt
555 1334 722 1371 volucres
740 1333 939 1371 tinnitibus
958 1339 1049 1370 actae
1071 1346 1080 1370 ε

221 1386 377 1436 Quaque
395 1391 545 1425 movent
563 1388 705 1425 sonitus
725 1399 809 1432 aera,
830 1391 1036 1436 sequuntur
1053 1398 1151 1436 apes.

168 1440 320 1489 Colligit
339 1446 516 1486 errantes,
538 1446 575 1478 et
594 1442 632 1477 in
652 1441 782 1478 arbore
803 1440 941 1478 claudit
959 1440 1060 1477 inani

220 1493 356 1531 Liber:
387 1500 424 1532 et
446 1494 591 1532 inventi
608 1495 757 1544 praeinia
776 1494 894 1531 mellis
913 1494 1037 1531 habet.

169 1547 223 1585 Ut
244 1547 369 1598 Satyri
389 1548 561 1597 laevisque
579 1561 692 1586 senex
707 1548 864 1597 tetigere
883 1560 1059 1597 saporem,
1202 1580 1204 1584 ,
1257 1545 1332 1586 745

219 1602 446 1647 Quaerebant
466 1602 578 1639 flavos
597 1615 661 1652 per
679 1615 809 1639 nemus
828 1614 936 1639 omne
954 1602 1069 1639 favos.
1315 1616 1317 1619 ·

168 1655 285 1694 Audit
303 1656 341 1692 in
362 1668 469 1692 exesa
488 1656 683 1694 stridorem
696 1656 872 1693 examinis
891 1656 1003 1700 ulmo,

219 1710 388 1759 Adspicit
408 1714 444 1747 et
463 1722 575 1755 ceras,
595 1709 874 1758 dissimulatque
893 1721 1019 1746 senex.

171 1763 295 1813 thue
315 1764 419 1812 piger
438 1763 551 1812 pandi
572 1768 678 1812 tergo
697 1764 882 1801 residebat
901 1763 1003 1800 aselli
1022 1775 1031 1807 ;

218 1817 393 1866 Applicat
412 1817 510 1854 hunc
525 1817 625 1854 ulmo
646 1817 913 1865 corticibusque
931 1816 1040 1853 cavis.
1255 1814 1334 1854 750

170 1870 349 1909 Constitit
368 1871 447 1920 ipse
466 1884 575 1920 super
590 1883 734 1907 ramoso
754 1871 880 1920 stipite
895 1870 1015 1913 nixus,

219 1926 344 1974 Atque
363 1925 470 1961 avide
486 1929 618 1962 trunco
637 1924 786 1962 condita
806 1923 914 1960 mella
933 1923 1037 1973 petit.

167 1978 286 2015 Millia
304 1979 524 2015 crabronum
543 1982 678 2015 coeunt
698 1991 707 2021 3
736 1983 773 2015 et
794 1977 929 2015 vertice
948 1977 1050 2013 nudo

219 2032 368 2081 Spicula
386 2032 565 2080 defigunt,
587 2043 725 2079 oraque
745 2044 886 2069 summa
905 2036 1053 2068 notant.

168 2085 235 2123 Ille
253 2086 352 2124 cadit
371 2097 544 2135 praeceps,
565 2090 602 2123 et
621 2085 719 2122 calce
736 2085 867 2122 feritur
885 2084 987 2121 aselli
1003 2098 1012 2122 ι
1255 2083 1331 2122 755

220 2139 473 2188 Inclamatque
491 2152 589 2184 suos,
615 2139 867 2187 auxiliumque
884 2144 1005 2187 rogat.

170 2192 407 2231 Concurrunt
423 2193 558 2242 Satyri,
578 2193 840 2241 turgentiaque
859 2204 924 2229 ora
943 2192 1105 2240 parentis

220 2246 377 2285 Rident.
433 2247 612 2284 Percusso
631 2246 814 2283 claudicat
833 2246 895 2282 ille
913 2257 1024 2293 genu.

168 2298 283 2338 Ridet
302 2306 339 2338 et
353 2301 430 2350 ipse
449 2301 550 2345 deus,
572 2300 771 2349 limumque
789 2300 965 2337 inducere
983 2304 1174 2338 monstrat.

222 2353 295 2391 Hic
314 2360 418 2403 paret
437 2355 596 2400 monitis,
617 2359 654 2391 et
671 2354 754 2391 linit
770 2366 834 2390 ora
847 2354 937 2390 luto.
1255 2349 1332 2389 760

170 2406 283 2445 Melle
302 2414 407 2457 pater
425 2407 560 2445 fruitur
580 2421 587 2445 :
617 2408 766 2456 liboque
782 2407 904 2445 infusa
922 2405 1056 2445 calenti
