1475 2712
544 161 756 187 CARMmUM
774 160 819 186 11.

406 256 571 296 Aestuat
586 256 691 294 unda
710 270 719 301 ;

196 313 329 358 Tibur,
350 312 477 361 Argeo
495 309 660 360 positum
675 310 820 356 colono,

203 366 260 405 Sit
278 377 384 403 meae
403 364 509 403 sedes
528 363 674 401 utinam
691 368 886 407 senectae;

197 421 255 460 Sit
274 419 407 457 modus
421 418 517 455 lasso
536 417 660 462 maris,
677 421 716 456 et
735 417 890 463 viarum,

406 471 657 519 Militiaeque.

192 526 305 564 Unde
324 525 355 563 si
375 524 517 562 Parcae
535 523 739 573 prohibent
757 523 922 574 iniquae,

193 580 318 618 Dulce
336 578 473 629 pellitis
492 577 623 615 ovibus
645 577 798 614 Galaesi

198 633 357 671 Flumen
376 636 414 670 et
427 641 587 680 regnata
605 636 731 680 petam
751 631 894 669 Laconi

407 685 515 722 Rura
534 684 763 722 Phalantho.

198 741 267 777 Ille
285 744 470 777 terrarum
490 737 582 775 mihi
601 743 751 787 praeter
765 751 896 776 omnes

193 792 371 842 Angulus
385 792 498 837 ridet,
512 791 577 829 ubi
596 804 674 828 non
694 791 883 842 Hymetto

196 847 313 884 Mella
331 846 534 891 decedunt,
554 845 740 894 viridique
756 849 877 884 certat

412 899 537 936 Bacca
555 898 723 936 Venafro
741 912 750 943 ;

195 953 274 991 Ver
293 952 360 990 ubi
379 952 536 1001 longum
554 952 775 1001 tepidasque
793 952 950 1002 praebet

189 1006 343 1056 Jupiter
362 1007 524 1051 brumas,
547 1010 585 1043 et
605 1005 747 1045 amicus
772 1006 901 1043 Aulon

193 1059 325 1098 Fertili
346 1059 498 1096 Baccho
517 1058 715 1095 minimum
735 1059 905 1097 Falernis

409 1112 560 1150 Invidet
579 1112 673 1149 uvis.

196 1166 265 1204 Ille
283 1170 323 1203 te
342 1177 489 1202 mecum
507 1166 612 1202 locus
632 1170 671 1203 et
689 1165 822 1204 beatae

198 1218 399 1257 Postulant
419 1231 522 1256 arces
539 1232 547 1256 :
577 1219 631 1255 ibi
648 1224 692 1256 tu
712 1219 897 1257 calentem

198 1272 341 1311 Debita
360 1284 514 1322 sparges
533 1272 686 1309 lacrima
707 1272 872 1310 favillam

412 1326 518 1363 Vatis
537 1325 661 1363 amici.

407 1404 496 1442 ODE
515 1404 733 1442 VIL-Acl
750 1402 978 1457 Pompeium.

199 1484 233 1521 Ο
254 1493 378 1521 SAEPE
397 1496 544 1521 mecum
563 1488 712 1532 tempus
730 1484 771 1521 in
790 1484 966 1523 ultimum

196 1537 384 1583 Deducta
407 1536 529 1575 Bruto
544 1537 700 1575 militiae
719 1537 829 1584 duce,

254 1590 351 1636 Quis
370 1595 413 1629 te
433 1590 632 1628 redonavit
654 1590 843 1636 Quiritem

310 1644 382 1681 Dis
400 1644 542 1693 patriis,
564 1644 737 1694 Italoque
755 1645 872 1691 coelo,

205 1697 372 1747 Pompei,
394 1709 565 1734 meorum
579 1697 699 1747 prime
718 1698 903 1736 sodalium
921 1699 942 1736 P

204 1751 302 1788 Cum
321 1763 395 1800 quo
414 1755 623 1788 morantem
639 1764 749 1800 saepe
766 1751 867 1789 diem
887 1765 989 1790 mero

260 1804 291 1841 F
292 1804 385 1852 regi,
407 1809 607 1842 coronatus
626 1804 792 1842 nitentes

311 1857 551 1895 Malobathro
571 1858 681 1908 Syrio
698 1858 866 1907 capillos.

206 1910 348 1948 Tecum
369 1910 564 1960 Philippos
584 1915 623 1949 et
643 1910 801 1949 celerem
820 1911 950 1962 fugam

209 1964 328 2010 Sensi,
350 1964 480 2002 relicta
498 1977 577 2001 non
594 1965 692 2002 bene
710 1966 881 2015 parmula
902 1979 911 2011 ;

260 2017 356 2054 Cum
374 2018 492 2055 fracta
511 2018 641 2063 virtus,
664 2025 702 2056 et
721 2018 886 2057 minaces

313 2071 442 2120 Turpe
460 2071 580 2108 solum
599 2072 760 2120 tetigere
778 2077 919 2111 mento.

207 2123 283 2162 Sed
302 2136 362 2161 me
380 2137 446 2172 per
465 2125 591 2162 hostes
610 2124 824 2164 Mercurius
843 2127 942 2164 celer

210 2178 343 2215 Denso
361 2182 562 2226 paventem
581 2177 735 2217 sustulit
753 2183 840 2217 aere
858 2193 866 2217 :

264 2230 322 2267 Te
342 2243 471 2267 rursus
490 2231 530 2267 in
550 2230 686 2269 bellum
706 2233 905 2271 resorbens

317 2283 432 2321 Unda
450 2284 554 2322 fretis
572 2285 662 2323 tulit
680 2287 876 2324 aestuosis.

209 2336 315 2387 Ergo
335 2337 540 2387 obligatam
558 2338 677 2376 redde
693 2338 720 2376 J
723 2339 784 2376 ovi
803 2339 948 2389 dapem,

209 2390 419 2442 Longaque
437 2391 576 2430 fessum
593 2392 728 2432 militia
740 2393 839 2433 latus

1222 150 1271 189 31

1252 313 1276 350 25!

1228 582 1279 618 10

1228 1115 1280 1153 20

1237 1972 1288 2010 10
