1414 2666
167 159 219 198 40
651 171 847 199 Annumos
865 171 907 199 11.

171 268 411 317 Suspensum,
433 271 471 305 et
489 267 628 316 pariter
647 268 849 318 comitique
868 267 1047 317 onerique
1064 267 1272 307 timentem.
1316 270 1334 297 -“

220 321 381 370 Jamque
399 322 694 370 propinquabam
706 323 835 372 portis,
857 333 1079 369 omnemque
1095 320 1250 359 videbar
1264 320 1343 360 730

172 373 345 412 Evasisse
365 375 460 411 viam
486 388 494 412 :
529 376 655 413 subito
675 387 787 424 quum
804 376 933 426 creber
951 376 999 412 ab
1017 375 1116 412 auris

170 427 283 465 Visus
301 428 430 465 adesse
448 428 584 477 pedum
606 429 750 467 sonitus
767 443 776 473 ;
803 429 1030 477 genitorque,
1053 440 1119 477 per
1138 428 1308 466 umbram

165 480 411 530 Prospiciens,
432 481 542 527 Nate,
564 483 758 529 exclamat,
778 483 878 531 fuge,
899 488 990 520 nate
1007 496 1016 526 ;
1047 481 1316 531 propinquant.

167 534 350 571 Ardentis
369 535 507 584 clipeos
526 540 639 584 atque
655 549 741 573 aera
759 536 936 573 micantia
954 548 1080 573 cerno.

217 587 293 624 Hic
309 588 400 624 mihi
415 589 539 625 nescio
552 589 652 637 quod
667 589 814 639 trepido
827 589 924 626 male
938 601 1077 626 numen
1092 588 1252 626 amicum
1266 587 1343 628 735

165 641 366 678 Confusam
385 642 522 691 eripuit
536 649 712 680 mentem.
766 643 949 692 Namque,
971 643 1054 679 avia
1072 655 1186 681 cursu

164 693 268 731 Dum
287 707 431 743 sequor,
454 700 491 733 et
509 702 600 733 nota
618 696 759 732 excedo
778 696 932 743 regione
951 697 1105 742 viarum,

163 747 275 785 Heu!
305 749 440 786 misero
459 750 624 797 conjunx
643 749 770 786 fatone
790 756 918 798 erepta
938 749 1080 786 creasa

164 801 354 846 Substitit,
374 802 560 839 erravitne
581 803 651 848 via,
673 815 738 839 seu
756 802 854 838 lassa
873 803 1023 845 resedit,

163 854 353 892 Incertum
369 869 378 892 ε
408 868 477 892 nec
496 862 579 904 post
599 856 716 892 oculis
735 861 790 892 est
810 855 959 892 reddita
978 855 1130 893 nostris.
1264 855 1347 898 740,

158 906 241 945 Nec
260 908 362 957 prius
382 903 552 946 amissam
572 909 728 957 respexi,
750 909 961 945 animumve
980 909 1120 952 reflexi,

163 962 287 1007 Quam
306 962 492 999 tumulum
508 962 685 1010 antiquae
707 961 852 998 Cereris
872 962 1073 1011 sedemque
1091 965 1273 1001 sacratam

161 1014 365 1052 Venimus:
396 1015 457 1052 hio
476 1015 626 1052 demum
648 1015 813 1052 collectis
828 1016 1000 1053 omnibus
1019 1029 1095 1052 una
1204 1056 1205 1059 Ἴ

160 1068 315 1112 Defuit3
345 1074 383 1106 et
403 1069 567 1114 comites,
588 1074 806 1118 natumque,
828 1069 1036 1118 virumque,
1057 1068 1202 1107 fefellit.

160 1121 284 1167 Quem
295 1134 372 1159 non
387 1122 551 1159 incusavi
566 1136 691 1159 amens
703 1122 969 1170 hominumque
984 1123 1214 1173 deorumque
1229 1123 1251 1162 ἶ)
1266 1121 1345 1164 745

159 1176 241 1213 Aut
260 1176 349 1223 quid
368 1176 408 1212 in
428 1188 555 1213 eversa
575 1177 652 1212 vidi
672 1176 858 1213 crudelius
878 1177 970 1213 urbe
986 1176 1005 1213 Ρ

158 1229 374 1274 Ascanium,
396 1229 663 1279 Anchisenque
676 1236 833 1279 patrem,
857 1229 1096 1279 Teucrosque
1115 1229 1288 1278 Penates,

158 1282 389 1320 Commendo
409 1283 528 1328 sociis,
550 1290 587 1321 et
607 1297 720 1320 curva
738 1283 835 1320 valle
853 1284 1042 1320 recondo:

157 1335 242 1385 Ipse
260 1337 393 1373 urbem
404 1344 546 1385 repeto,
569 1343 607 1374 et
627 1337 758 1385 cingor
777 1337 1009 1385 fulgentibus
1028 1337 1152 1375 armis.

156 1389 240 1428 Stat
256 1403 361 1427 casus
380 1403 560 1427 renovare
579 1391 711 1435 omnis,
733 1403 956 1438 omnemque
970 1392 1108 1428 reverti
1260 1391 1339 1433 750

156 1443 230 1480 Per
251 1443 414 1491 Trojam,
436 1451 473 1481 et
493 1457 621 1481 rursus
641 1449 754 1493 caput
775 1444 965 1492 objectare
985 1444 1146 1493 periclis.

208 1496 399 1546 Principio
418 1510 557 1543 muros,
579 1498 810 1545 obscuraque
829 1498 958 1534 limina
977 1504 1119 1546 portae,

158 1549 245 1594 Qua
263 1563 431 1599 gressum
452 1552 670 1595 extuleram,
693 1556 823 1600 repeto
844 1564 852 1594 3
884 1556 921 1588 et
942 1552 1098 1600 vestigia
1116 1556 1220 1592 retro

158 1603 368 1641 Observata
387 1617 522 1654 sequor
541 1618 608 1654 per
627 1611 789 1650 noctem,
812 1611 849 1641 et
868 1604 1010 1641 lumine
1028 1605 1160 1644 lustro.

155 1657 304 1694 Horror
323 1657 462 1707 ubique
479 1659 633 1702 animos,
655 1659 764 1696 simul
783 1659 863 1707 ipsa
882 1658 1030 1696 silentia
1049 1664 1204 1699 terrent.
1260 1659 1338 1701 755

155 1711 250 1748 Inde
269 1712 432 1756 domum,
455 1712 483 1749 si
503 1712 600 1750 forte
618 1713 764 1760 pedem,
784 1712 814 1749 si
834 1712 942 1757 forte,
964 1713 1124 1764 tulisset,

154 1764 218 1801 Me
233 1766 352 1802 refero
369 1779 377 1802 :
398 1765 587 1803 irruerant
607 1766 745 1810 Danai,
767 1771 804 1802 et
824 1771 964 1802 tectum
987 1778 1097 1803 omne
1115 1768 1310 1807 tenebant.

153 1817 259 1855 Ilicet
278 1818 376 1867 ignis
396 1819 492 1855 edax
512 1832 655 1856 summa
674 1820 720 1856 ad
740 1819 890 1867 fastigia
908 1825 1021 1856 vento

153 1871 349 1909 Volvitur:
380 1879 606 1920 exsuperant
625 1873 794 1909 flammae
809 1886 818 1916 3
847 1872 938 1909 furit
958 1877 1082 1910 aestus
1101 1873 1150 1910 ad
1167 1886 1290 1911 auras.

151 1924 332 1970 Procedo,
353 1930 392 1962 et
412 1925 550 1962 Priami
570 1926 688 1968 sedes,
709 1938 918 1974 arcemque,
938 1927 1074 1963 reviso.
1254 1927 1333 1967 760

152 1978 203 2016 Et
216 1978 295 2027 jam
314 1978 518 2027 porticibus
534 1980 659 2016 vacuis
678 1979 703 2016 J
707 1979 841 2016 unonis
860 1979 976 2027 asylo,

152 2031 338 2069 Custodes
357 2032 455 2078 lecti,
478 2032 647 2069 Phoenix
667 2038 707 2070 et
725 2033 828 2069 dirus
850 2032 980 2068 Ulixes

155 2084 341 2122 Praedam
364 2086 613 2123 adservabant
633 2100 640 2123 :
671 2086 745 2123 huc
764 2085 931 2134 undique
952 2086 1065 2123 Troia
1081 2099 1186 2136 gaza,

148 2138 315 2176 Incensis
335 2144 462 2188 erepta
481 2139 618 2188 adytis,
639 2151 863 2188 mensaeque
882 2139 1049 2185 deorum,

148 2192 397 2241 Crateresque
416 2205 507 2229 auro
525 2193 646 2238 solidi,
669 2194 889 2242 captivaque
909 2193 1021 2230 vestis
1251 2192 1275 2234 7
1278 2192 1330 2232 65

148 2245 397 2294 Congeritur:
428 2246 534 2295 pueri
553 2252 590 2284 et
609 2247 767 2296 pavidae
785 2247 900 2294 longo
920 2246 1052 2284 ordine
1070 2250 1209 2286 matre!

147 2298 259 2337 Stant
279 2299 431 2336 circum.

146 2352 274 2390 Ausus
293 2353 384 2402 quin
405 2352 518 2390 etiam
538 2365 646 2390 voces
662 2352 806 2401 jactare
825 2364 891 2401 per
905 2352 1092 2402 umbram,

148 2405 305 2457 Implevi
323 2406 484 2444 elamore
495 2407 584 2453 vias,
605 2414 843 2457 moestusque
859 2405 1038 2446 Creusam
