1475 2712
517 194 710 235 Anumnos
735 195 793 222 111.
1194 183 1244 221 49

129 292 242 340 Ergo,
260 292 448 340 insperata
466 291 618 329 tandem
637 291 772 328 tellure
791 291 912 339 potiti,

76 345 369 392 Lustramurque
387 345 412 382 J
416 345 486 390 ovi,
508 345 679 393 votisque
698 344 933 381 incendimus
953 357 1056 388 aras;

76 398 262 447 Actiaque
282 398 401 434 Iliacis
420 399 648 435 celebramus
666 398 794 435 littora
814 396 925 434 ludis.
1168 398 1244 434 280

73 451 261 489 Exercent
279 452 416 500 patrias
435 451 516 488 oleo
534 450 684 488 labente
703 451 903 499 palaestras

73 505 217 542 Nudati
236 505 338 541 socii.
392 504 510 541 Juvat
529 504 687 541 evasisse
707 510 764 541 tot
784 504 886 540 urbis

73 558 279 606 Argolicas,
300 557 516 606 mediosque
534 557 660 605 fugam
680 557 844 594 tenuisse
863 569 927 605 per
942 557 1072 595 hostis.

72 609 221 649 Interea
238 623 414 659 magnum
436 610 497 647 Sol
520 610 823 647 circumvolvitur
843 622 993 655 annum,

72 663 122 701 Et
140 664 305 713 glacialis
324 664 439 700 hiems
459 664 694 712 aquilonibus
714 671 860 712 asperat
879 664 1013 700 undas.
1167 663 1244 699 285

70 718 170 754 Aere
189 729 278 754 cavo
299 717 468 766 clipeum,
490 717 616 765 magni
635 722 828 765 gestamen
847 717 1019 761 Abantis,

72 770 247 808 Postibus
266 770 430 807 adversis
449 771 535 819 figo,
557 776 594 807 et
612 783 689 806 rem
710 769 871 806 carmine
886 770 994 818 signo
1010 784 1017 807 :

70 825 238 860 AENEAS
259 833 362 860 HAEC
383 834 433 860 DE
452 834 593 860 DANAIS
614 833 851 860 VICTORIBUS
870 834 997 859 ARMA.

70 877 260 926 Linquere
278 881 358 914 tum
378 883 508 926 portus
523 877 650 926 jubeo,
672 882 710 915 et
729 876 922 913 considere
942 876 1135 914 transtris:

71 930 253 968 Certatim
271 930 358 966 socii
372 931 511 967 feriunt
531 943 641 975 mare,
659 936 696 968 et
717 941 875 977 aequora
894 938 1061 967 verrunt.
1167 929 1245 967 290

69 982 252 1021 Protenus
271 984 389 1020 aerias
410 983 618 1020 Phaeacum
638 983 897 1020 abscondimus
917 996 1030 1028 arces,

70 1036 292 1084 Littoraque
313 1035 417 1085 Epiri
436 1037 605 1085 legimus,
627 1043 816 1085 portuque
836 1037 1002 1073 subimus

71 1089 250 1134 Chaonio,
272 1095 309 1126 et
329 1089 463 1126 celsam
487 1089 663 1127 Buthroti
684 1090 894 1126 accedimus
914 1090 1058 1126 urbem.

122 1142 197 1179 Hic
215 1142 443 1179 incredibilis
461 1155 583 1179 rerum
603 1143 700 1180 fama
721 1148 877 1191 occupat
896 1143 1018 1179 auris:

68 1194 280 1232 Priamiden
299 1195 489 1232 Helenum
512 1195 644 1232 Graias
663 1208 821 1244 regnare
841 1208 907 1245 per
926 1196 1040 1240 urbis,
1167 1196 1243 1234 29.)

70 1248 256 1298 Conjugio
276 1249 463 1285 Aeacidae
485 1248 622 1298 Pyrrhi
642 1249 872 1298 sceptrisque
891 1250 1052 1298 potitum
1074 1264 1082 1293 ;

69 1302 120 1340 Et
138 1302 258 1351 patrio
278 1302 567 1339 Andromachen
587 1303 722 1339 iterum
741 1302 892 1339 cessisse
912 1303 1060 1340 marito.

69 1355 282 1405 Obstupui;
314 1356 481 1404 miroque
499 1356 692 1392 incensum
713 1362 842 1404 pectus
863 1368 1001 1400 amore,

68 1408 300 1458 Compellare
318 1409 449 1454 virum,
471 1415 509 1446 et
528 1421 632 1446 casus
652 1421 876 1457 cognoscere
896 1414 1033 1447 tantos.

68 1461 293 1511 Progredior
311 1468 433 1511 portu,
455 1462 580 1499 classis
599 1468 636 1500 et
656 1463 785 1500 littora
802 1462 986 1511 linquens.
1166 1463 1243 1501 300

66 1515 262 1553 Sollemnis
282 1520 360 1553 tum
381 1516 477 1553 forte
496 1515 621 1565 dapes,
643 1522 681 1553 et
699 1516 823 1553 tristia
841 1516 951 1561 dona,

65 1569 169 1607 Ante
187 1569 317 1606 urbem
335 1569 375 1605 in
393 1569 489 1614 luco,
506 1569 588 1606 falsi
608 1569 811 1606 Simoentis
830 1569 876 1606 ad
898 1569 1050 1613 undam,

67 1622 229 1660 Libabat
247 1622 361 1659 cineri
382 1622 655 1669 Andromache,
678 1622 873 1671 Manisque
893 1622 1050 1660 vocabat

67 1675 297 1713 Hectoreum
317 1676 365 1712 ad
383 1675 582 1721 tumulum,
604 1676 716 1712 viridi
735 1687 844 1723 quem
864 1676 1004 1725 cespite
1022 1676 1185 1716 inanem,

67 1728 118 1766 Et
136 1729 314 1778 geminas,
335 1741 502 1766 caussam
520 1729 690 1774 lacrimis,
712 1734 921 1767 sacraverat
941 1741 1035 1766 aras.
1161 1729 1238 1765 305

69 1782 123 1820 Ut
142 1794 202 1819 me
220 1782 412 1831 conspexit
433 1783 654 1827 venientem,
676 1787 714 1819 et
735 1782 848 1819 Troia
867 1783 1004 1820 circum

64 1836 181 1872 Arma
199 1847 325 1872 amens
340 1836 433 1874 vidit
449 1849 458 1879 ;
488 1835 633 1884 magnis
652 1836 830 1873 exterrita
849 1835 1036 1881 monstris,

65 1888 245 1937 Deriguit
265 1889 344 1926 visu
364 1889 403 1925 in
421 1888 565 1926 medio:
596 1888 696 1926 calor
716 1901 797 1926 ossa
815 1889 988 1938 reliquit:

64 1941 223 1980 Labitur
242 1955 251 1987 3
281 1951 319 1981 et
336 1943 451 1991 longo
470 1942 533 1978 vix
552 1942 705 1980 tandem
724 1948 892 1992 tempore
909 1942 1006 1980 fatur
1022 1955 1032 1980 x

65 1995 214 2033 Verane
232 2001 270 2033 te
286 1995 409 2042 facies,
432 2008 540 2033 verus
558 1995 649 2032 mihi
668 1996 823 2033 nuntius
842 1996 976 2041 adfers,
1158 1996 1236 2032 310

64 2049 165 2086 Nate
183 2048 253 2085 dea
267 2049 287 2086 Ρ
315 2049 457 2086 vivisne
471 2049 490 2086 P
519 2055 597 2094 aut,
619 2049 649 2085 si
663 2048 729 2085 lux
749 2049 846 2086 alma
864 2048 1027 2094 recessit,

64 2101 209 2139 Hector
227 2101 291 2139 ubi
310 2108 366 2140 est
385 2102 404 2139 :2
432 2101 567 2147 Dixit3
588 2102 830 2151 lacrimasque
849 2102 993 2145 effudit,
1015 2108 1052 2139 et
1072 2114 1218 2139 omnem

63 2154 234 2204 Implevit
254 2155 412 2193 clamore
430 2155 565 2193 locum.
623 2155 698 2192 Vix
712 2168 830 2204 pauca
847 2155 986 2193 furenti

64 2208 243 2258 Subjicio,
263 2215 299 2246 et
319 2208 410 2246 raris
427 2209 602 2246 turbatus
621 2209 774 2245 vocibus
792 2208 895 2245 hisco
915 2221 923 2243 τ

61 2262 160 2300 Vivo
178 2261 361 2310 equidem,
382 2262 572 2311 vitamque
592 2267 757 2300 extrema
775 2274 841 2312 per
859 2261 983 2299 omnia
1000 2261 1111 2299 duco.
1155 2261 1233 2299 315

62 2315 123 2352 Ne
141 2315 294 2353 dubita:
323 2327 411 2352 nam
430 2327 519 2352 vera
538 2315 653 2353 vides.

60 2367 173 2406 Heu!
203 2369 284 2417 quis
303 2374 342 2406 te
359 2381 476 2414 casus,
498 2367 680 2417 dejectam
699 2369 857 2418 conjuge
875 2373 994 2412 tanto,

62 2421 211 2472 Excipit
225 2421 244 2459 ἶ)
273 2428 338 2460 aut
357 2434 451 2471 quae
469 2422 585 2471 digna
604 2424 693 2513 szgis
713 2423 881 2461 Fortuna
899 2421 1057 2460 revisit?
