<?xml version="1.0" encoding="UTF-8"?>
<!DOCTYPE html PUBLIC "-//W3C//DTD XHTML 1.0 Transitional//EN"
    "http://www.w3.org/TR/xhtml1/DTD/xhtml1-transitional.dtd">
<html xmlns="http://www.w3.org/1999/xhtml" xml:lang="en" lang="en">
 <head>
  <title>
</title>
<meta http-equiv="Content-Type" content="text/html;charset=utf-8" />
  <meta name='ocr-system' content='tesseract 3.04.00' />
  <meta name='ocr-capabilities' content='ocr_page ocr_carea ocr_par ocr_line ocrx_word'/>
</head>
<body>
  <div class='ocr_page' id='page_1' title='image "./curriculumlatinu02mont_0092.png"; bbox 0 0 1414 2666; ppageno 0'>
   <div class='ocr_carea' id='block_1_1' title="bbox 163 214 1356 268">
    <p class='ocr_par' dir='ltr' id='par_1_1' title="bbox 163 214 1356 268">
     <span class='ocr_line' id='line_1_1' title="bbox 163 214 1356 268; baseline -0.004 -9"><span class='ocrx_word' id='word_1_1' title='bbox 163 223 213 259; x_wconf 82' lang='lat'>28</span> <span class='ocrx_word' id='word_1_2' title='bbox 462 218 507 256; x_wconf 90' lang='grc' dir='ltr'>Ρ.</span> <span class='ocrx_word' id='word_1_3' title='bbox 540 217 787 257; x_wconf 84' lang='lat' dir='ltr'>VIRGILII</span> <span class='ocrx_word' id='word_1_4' title='bbox 816 217 857 254; x_wconf 76' lang='lat' dir='ltr'><strong>M</strong></span> <span class='ocrx_word' id='word_1_5' title='bbox 864 216 1079 256; x_wconf 78' lang='lat' dir='ltr'>ARONIS</span> <span class='ocrx_word' id='word_1_6' title='bbox 1242 214 1356 268; x_wconf 70' lang='lat' dir='ltr'>[Lm.</span> 
     </span>
    </p>
   </div>
   <div class='ocr_carea' id='block_1_2' title="bbox 156 323 1357 2515">
    <p class='ocr_par' dir='ltr' id='par_1_2' title="bbox 156 323 1357 2515">
     <span class='ocr_line' id='line_1_2' title="bbox 217 323 1215 375; baseline -0.003 -11"><span class='ocrx_word' id='word_1_7' title='bbox 217 327 288 372; x_wconf 87' lang='lat' dir='ltr'>Ac,</span> <span class='ocrx_word' id='word_1_8' title='bbox 309 327 399 363; x_wconf 91' lang='lat' dir='ltr'>dum</span> <span class='ocrx_word' id='word_1_9' title='bbox 419 326 542 375; x_wconf 88' lang='lat' dir='ltr'>prima</span> <span class='ocrx_word' id='word_1_10' title='bbox 561 326 673 362; x_wconf 86' lang='lat' dir='ltr'>novis</span> <span class='ocrx_word' id='word_1_11' title='bbox 692 324 874 363; x_wconf 80' lang='lat' dir='ltr'>adolescit</span> <span class='ocrx_word' id='word_1_12' title='bbox 890 323 1091 361; x_wconf 86' lang='lat' dir='ltr'>frondibus</span> <span class='ocrx_word' id='word_1_13' title='bbox 1111 329 1215 369; x_wconf 73' lang='lat' dir='ltr'>aetaS,</span> 
     </span>
     <span class='ocr_line' id='line_1_3' title="bbox 161 378 1156 425; baseline -0.003 -7"><span class='ocrx_word' id='word_1_14' title='bbox 161 381 404 418; x_wconf 83' lang='lat' dir='ltr'>Parcendum</span> <span class='ocrx_word' id='word_1_15' title='bbox 424 380 568 417; x_wconf 83' lang='lat' dir='ltr'>teneris</span> <span class='ocrx_word' id='word_1_16' title='bbox 576 394 585 423; x_wconf 93' lang='grc'><strong>;</strong></span> <span class='ocrx_word' id='word_1_17' title='bbox 606 386 655 425; x_wconf 89' lang='lat' dir='ltr'>et,</span> <span class='ocrx_word' id='word_1_18' title='bbox 676 380 767 416; x_wconf 86' lang='lat' dir='ltr'>dum</span> <span class='ocrx_word' id='word_1_19' title='bbox 787 391 826 415; x_wconf 92' lang='lat' dir='ltr'>se</span> <span class='ocrx_word' id='word_1_20' title='bbox 845 379 956 415; x_wconf 84' lang='lat' dir='ltr'>laetus</span> <span class='ocrx_word' id='word_1_21' title='bbox 975 378 1023 415; x_wconf 86' lang='lat' dir='ltr'>ad</span> <span class='ocrx_word' id='word_1_22' title='bbox 1043 389 1156 415; x_wconf 84' lang='lat' dir='ltr'>auras</span> 
     </span>
     <span class='ocr_line' id='line_1_4' title="bbox 162 430 1193 483; baseline -0.006 -11"><span class='ocrx_word' id='word_1_23' title='bbox 162 435 316 472; x_wconf 88' lang='lat' dir='ltr'>Palmes</span> <span class='ocrx_word' id='word_1_24' title='bbox 335 435 427 483; x_wconf 84' lang='lat' dir='ltr'>agit,</span> <span class='ocrx_word' id='word_1_25' title='bbox 447 433 547 470; x_wconf 87' lang='lat' dir='ltr'>laxis</span> <span class='ocrx_word' id='word_1_26' title='bbox 567 445 634 480; x_wconf 81' lang='lat' dir='ltr'>per</span> <span class='ocrx_word' id='word_1_27' title='bbox 652 444 790 482; x_wconf 87' lang='lat' dir='ltr'>purum</span> <span class='ocrx_word' id='word_1_28' title='bbox 809 432 1002 468; x_wconf 84' lang='lat' dir='ltr'>immissus</span> <span class='ocrx_word' id='word_1_29' title='bbox 1022 430 1193 476; x_wconf 82' lang='lat' dir='ltr'>habenis,</span> 
     </span>
     <span class='ocr_line' id='line_1_5' title="bbox 162 483 1354 537; baseline -0.005 -11"><span class='ocrx_word' id='word_1_30' title='bbox 162 487 254 537; x_wconf 80' lang='lat' dir='ltr'>Ipsa</span> <span class='ocrx_word' id='word_1_31' title='bbox 272 488 355 526; x_wconf 82' lang='lat' dir='ltr'>acie</span> <span class='ocrx_word' id='word_1_32' title='bbox 373 487 543 524; x_wconf 90' lang='lat' dir='ltr'>nondum</span> <span class='ocrx_word' id='word_1_33' title='bbox 563 486 672 523; x_wconf 83' lang='lat' dir='ltr'>saleis</span> <span class='ocrx_word' id='word_1_34' title='bbox 689 486 884 529; x_wconf 87' lang='lat' dir='ltr'>tentanda,</span> <span class='ocrx_word' id='word_1_35' title='bbox 906 485 972 522; x_wconf 89' lang='lat' dir='ltr'>sed</span> <span class='ocrx_word' id='word_1_36' title='bbox 993 484 1102 521; x_wconf 88' lang='lat' dir='ltr'>uncis</span> <span class='ocrx_word' id='word_1_37' title='bbox 1277 483 1354 522; x_wconf 88' lang='lat'>365</span> 
     </span>
     <span class='ocr_line' id='line_1_6' title="bbox 164 538 1145 590; baseline -0.005 -12"><span class='ocrx_word' id='word_1_38' title='bbox 164 541 377 590; x_wconf 79' lang='lat' dir='ltr'>Carpendae</span> <span class='ocrx_word' id='word_1_39' title='bbox 397 541 573 577; x_wconf 88' lang='lat' dir='ltr'>manibus</span> <span class='ocrx_word' id='word_1_40' title='bbox 593 539 747 577; x_wconf 88' lang='lat' dir='ltr'>frondes</span> <span class='ocrx_word' id='word_1_41' title='bbox 767 540 942 587; x_wconf 85' lang='lat' dir='ltr'>interque</span> <span class='ocrx_word' id='word_1_42' title='bbox 962 538 1145 586; x_wconf 82' lang='lat' dir='ltr'>legendae.</span> 
     </span>
     <span class='ocr_line' id='line_1_7' title="bbox 163 592 1164 643; baseline -0.004 -12"><span class='ocrx_word' id='word_1_43' title='bbox 163 594 262 631; x_wconf 86' lang='lat' dir='ltr'>Inde</span> <span class='ocrx_word' id='word_1_44' title='bbox 281 595 348 632; x_wconf 87' lang='lat' dir='ltr'>ubi</span> <span class='ocrx_word' id='word_1_45' title='bbox 370 594 453 643; x_wconf 85' lang='lat' dir='ltr'>jam</span> <span class='ocrx_word' id='word_1_46' title='bbox 472 594 611 631; x_wconf 89' lang='lat' dir='ltr'>validis</span> <span class='ocrx_word' id='word_1_47' title='bbox 631 593 819 642; x_wconf 76' lang='lat' dir='ltr'>amplexae</span> <span class='ocrx_word' id='word_1_48' title='bbox 840 592 1023 640; x_wconf 79' lang='lat' dir='ltr'>stirpibus</span> <span class='ocrx_word' id='word_1_49' title='bbox 1044 592 1164 636; x_wconf 89' lang='lat' dir='ltr'>ulmos</span> 
     </span>
     <span class='ocr_line' id='line_1_8' title="bbox 162 644 1226 695; baseline -0.005 -10"><span class='ocrx_word' id='word_1_50' title='bbox 162 648 359 692; x_wconf 78' lang='lat' dir='ltr'>Exierint‚</span> <span class='ocrx_word' id='word_1_51' title='bbox 381 656 462 684; x_wconf 85' lang='lat' dir='ltr'>tum</span> <span class='ocrx_word' id='word_1_52' title='bbox 482 647 630 695; x_wconf 78' lang='lat' dir='ltr'>stringe</span> <span class='ocrx_word' id='word_1_53' title='bbox 649 659 789 692; x_wconf 79' lang='lat' dir='ltr'>comas,</span> <span class='ocrx_word' id='word_1_54' title='bbox 810 653 891 682; x_wconf 86' lang='lat' dir='ltr'>tum</span> <span class='ocrx_word' id='word_1_55' title='bbox 910 645 1068 682; x_wconf 84' lang='lat' dir='ltr'>brachia</span> <span class='ocrx_word' id='word_1_56' title='bbox 1087 644 1226 682; x_wconf 84' lang='lat' dir='ltr'>tonde:</span> 
     </span>
     <span class='ocr_line' id='line_1_9' title="bbox 162 699 1118 746; baseline -0.003 -7"><span class='ocrx_word' id='word_1_57' title='bbox 162 703 271 739; x_wconf 85' lang='lat' dir='ltr'>Ante</span> <span class='ocrx_word' id='word_1_58' title='bbox 285 701 538 739; x_wconf 83' lang='lat' dir='ltr'>reformidant</span> <span class='ocrx_word' id='word_1_59' title='bbox 557 700 720 744; x_wconf 84' lang='lat' dir='ltr'>ferrum3</span> <span class='ocrx_word' id='word_1_60' title='bbox 740 706 819 737; x_wconf 88' lang='lat' dir='ltr'>tum</span> <span class='ocrx_word' id='word_1_61' title='bbox 841 699 1004 746; x_wconf 85' lang='lat' dir='ltr'>denique</span> <span class='ocrx_word' id='word_1_62' title='bbox 1023 699 1118 736; x_wconf 86' lang='lat' dir='ltr'>dura</span> 
     </span>
     <span class='ocr_line' id='line_1_10' title="bbox 161 750 1356 803; baseline -0.003 -10"><span class='ocrx_word' id='word_1_63' title='bbox 161 756 314 793; x_wconf 86' lang='lat' dir='ltr'>Exerce</span> <span class='ocrx_word' id='word_1_64' title='bbox 333 755 507 803; x_wconf 88' lang='lat' dir='ltr'>imperia,</span> <span class='ocrx_word' id='word_1_65' title='bbox 528 761 566 792; x_wconf 92' lang='lat' dir='ltr'>et</span> <span class='ocrx_word' id='word_1_66' title='bbox 583 766 709 791; x_wconf 82' lang='lat' dir='ltr'>ramos</span> <span class='ocrx_word' id='word_1_67' title='bbox 729 765 927 801; x_wconf 80' lang='lat' dir='ltr'>compesce</span> <span class='ocrx_word' id='word_1_68' title='bbox 946 752 1124 789; x_wconf 82' lang='lat' dir='ltr'>fluentes.</span> <span class='ocrx_word' id='word_1_69' title='bbox 1276 750 1356 791; x_wconf 86' lang='lat'>370</span> 
     </span>
     <span class='ocr_line' id='line_1_11' title="bbox 218 805 1267 857; baseline -0.006 -11"><span class='ocrx_word' id='word_1_70' title='bbox 218 809 417 846; x_wconf 82' lang='lat' dir='ltr'>Texendae</span> <span class='ocrx_word' id='word_1_71' title='bbox 436 821 545 857; x_wconf 76' lang='lat' dir='ltr'>sepes</span> <span class='ocrx_word' id='word_1_72' title='bbox 565 808 695 852; x_wconf 84' lang='lat' dir='ltr'>etiam,</span> <span class='ocrx_word' id='word_1_73' title='bbox 714 813 752 844; x_wconf 88' lang='lat' dir='ltr'>et</span> <span class='ocrx_word' id='word_1_74' title='bbox 773 818 888 855; x_wconf 88' lang='lat' dir='ltr'>pecus</span> <span class='ocrx_word' id='word_1_75' title='bbox 908 817 1021 843; x_wconf 88' lang='lat' dir='ltr'>omne</span> <span class='ocrx_word' id='word_1_76' title='bbox 1040 805 1248 842; x_wconf 87' lang='lat' dir='ltr'>tenendum</span> <span class='ocrx_word' id='word_1_77' title='bbox 1256 819 1267 848; x_wconf 83' lang='lat'><em>3</em></span> 
     </span>
     <span class='ocr_line' id='line_1_12' title="bbox 161 859 1284 911; baseline -0.004 -12"><span class='ocrx_word' id='word_1_78' title='bbox 161 863 362 911; x_wconf 80' lang='lat' dir='ltr'>Praecipue</span> <span class='ocrx_word' id='word_1_79' title='bbox 382 863 471 898; x_wconf 91' lang='lat' dir='ltr'>dum</span> <span class='ocrx_word' id='word_1_80' title='bbox 488 861 594 898; x_wconf 84' lang='lat' dir='ltr'>frons</span> <span class='ocrx_word' id='word_1_81' title='bbox 613 867 748 897; x_wconf 82' lang='lat' dir='ltr'>tenera</span> <span class='ocrx_word' id='word_1_82' title='bbox 766 860 1064 908; x_wconf 86' lang='lat' dir='ltr'>imprudensque</span> <span class='ocrx_word' id='word_1_83' title='bbox 1083 859 1257 896; x_wconf 86' lang='lat' dir='ltr'>laborum</span> <span class='ocrx_word' id='word_1_84' title='bbox 1273 872 1284 902; x_wconf 71' lang='grc' dir='ltr'><strong><em>ς</em></strong></span> 
     </span>
     <span class='ocr_line' id='line_1_13' title="bbox 163 913 1185 964; baseline -0.006 -10"><span class='ocrx_word' id='word_1_85' title='bbox 163 915 250 961; x_wconf 89' lang='lat' dir='ltr'>Cui,</span> <span class='ocrx_word' id='word_1_86' title='bbox 269 928 383 964; x_wconf 86' lang='lat' dir='ltr'>super</span> <span class='ocrx_word' id='word_1_87' title='bbox 401 915 548 963; x_wconf 84' lang='lat' dir='ltr'>indign·</span> <span class='ocrx_word' id='word_1_88' title='bbox 542 927 582 951; x_wconf 84' lang='lat' dir='ltr'>as</span> <span class='ocrx_word' id='word_1_89' title='bbox 600 914 746 951; x_wconf 88' lang='lat' dir='ltr'>hiemes</span> <span class='ocrx_word' id='word_1_90' title='bbox 766 913 958 961; x_wconf 89' lang='lat' dir='ltr'>solemque</span> <span class='ocrx_word' id='word_1_91' title='bbox 977 918 1185 961; x_wconf 87' lang='lat' dir='ltr'>potentem,</span> 
     </span>
     <span class='ocr_line' id='line_1_14' title="bbox 166 968 1074 1016; baseline -0.004 -9"><span class='ocrx_word' id='word_1_92' title='bbox 166 970 372 1007; x_wconf 85' lang='lat' dir='ltr'>Silvestres</span> <span class='ocrx_word' id='word_1_93' title='bbox 392 969 452 1005; x_wconf 81' lang='lat' dir='ltr'>uii</span> <span class='ocrx_word' id='word_1_94' title='bbox 472 968 630 1005; x_wconf 77' lang='lat' dir='ltr'>adsidue</span> <span class='ocrx_word' id='word_1_95' title='bbox 650 978 873 1016; x_wconf 82' lang='lat' dir='ltr'>capreaeque</span> <span class='ocrx_word' id='word_1_96' title='bbox 895 978 1074 1014; x_wconf 80' lang='lat' dir='ltr'>sequaces</span> 
     </span>
     <span class='ocr_line' id='line_1_15' title="bbox 161 1018 1355 1071; baseline -0.002 -12"><span class='ocrx_word' id='word_1_97' title='bbox 161 1023 348 1068; x_wconf 87' lang='lat' dir='ltr'>Illudunt‚</span> <span class='ocrx_word' id='word_1_98' title='bbox 370 1028 578 1071; x_wconf 89' lang='lat' dir='ltr'>pascuntur</span> <span class='ocrx_word' id='word_1_99' title='bbox 597 1034 644 1058; x_wconf 84' lang='lat' dir='ltr'>ov</span> <span class='ocrx_word' id='word_1_100' title='bbox 649 1033 689 1058; x_wconf 89' lang='lat' dir='ltr'>es</span> <span class='ocrx_word' id='word_1_101' title='bbox 709 1021 904 1067; x_wconf 61' lang='lat' dir='ltr'>avidaeque</span> <span class='ocrx_word' id='word_1_102' title='bbox 916 1019 1108 1068; x_wconf 78' lang='lat' dir='ltr'>juvencae.</span> <span class='ocrx_word' id='word_1_103' title='bbox 1277 1018 1355 1057; x_wconf 84' lang='lat'>375</span> 
     </span>
     <span class='ocr_line' id='line_1_16' title="bbox 161 1073 1064 1125; baseline -0.003 -13"><span class='ocrx_word' id='word_1_104' title='bbox 161 1076 326 1125; x_wconf 83' lang='lat' dir='ltr'>Frigora</span> <span class='ocrx_word' id='word_1_105' title='bbox 344 1088 414 1113; x_wconf 90' lang='lat' dir='ltr'>nec</span> <span class='ocrx_word' id='word_1_106' title='bbox 434 1081 585 1113; x_wconf 80' lang='lat' dir='ltr'>tantum</span> <span class='ocrx_word' id='word_1_107' title='bbox 603 1087 699 1112; x_wconf 87' lang='lat' dir='ltr'>cana</span> <span class='ocrx_word' id='word_1_108' title='bbox 718 1079 896 1111; x_wconf 86' lang='lat' dir='ltr'>concreta</span> <span class='ocrx_word' id='word_1_109' title='bbox 915 1073 1064 1122; x_wconf 86' lang='lat' dir='ltr'>pruina,</span> 
     </span>
     <span class='ocr_line' id='line_1_17' title="bbox 161 1126 1193 1178; baseline -0.003 -12"><span class='ocrx_word' id='word_1_110' title='bbox 161 1127 244 1166; x_wconf 89' lang='lat' dir='ltr'>Aut</span> <span class='ocrx_word' id='word_1_111' title='bbox 269 1129 402 1178; x_wconf 86' lang='lat' dir='ltr'>gravis</span> <span class='ocrx_word' id='word_1_112' title='bbox 420 1129 646 1166; x_wconf 85' lang='lat' dir='ltr'>incumbens</span> <span class='ocrx_word' id='word_1_113' title='bbox 666 1128 833 1177; x_wconf 84' lang='lat' dir='ltr'>scopulis</span> <span class='ocrx_word' id='word_1_114' title='bbox 852 1126 1048 1164; x_wconf 75' lang='lat' dir='ltr'>arentibus</span> <span class='ocrx_word' id='word_1_115' title='bbox 1069 1131 1193 1172; x_wconf 64' lang='lat' dir='ltr'>aestas,</span> 
     </span>
     <span class='ocr_line' id='line_1_18' title="bbox 162 1181 1165 1230; baseline -0.005 -10"><span class='ocrx_word' id='word_1_116' title='bbox 162 1181 359 1228; x_wconf 80' lang='lat' dir='ltr'>Quantum</span> <span class='ocrx_word' id='word_1_117' title='bbox 377 1183 435 1219; x_wconf 89' lang='lat' dir='ltr'>illi</span> <span class='ocrx_word' id='word_1_118' title='bbox 453 1194 617 1219; x_wconf 79' lang='lat' dir='ltr'>nocuere</span> <span class='ocrx_word' id='word_1_119' title='bbox 636 1194 774 1230; x_wconf 81' lang='lat' dir='ltr'>greges</span> <span class='ocrx_word' id='word_1_120' title='bbox 795 1181 954 1229; x_wconf 86' lang='lat' dir='ltr'>durique</span> <span class='ocrx_word' id='word_1_121' title='bbox 973 1191 1165 1216; x_wconf 90' lang='lat' dir='ltr'>venenum</span> 
     </span>
     <span class='ocr_line' id='line_1_19' title="bbox 161 1233 1123 1284; baseline -0.004 -11"><span class='ocrx_word' id='word_1_122' title='bbox 161 1236 302 1273; x_wconf 87' lang='lat' dir='ltr'>Dentis</span> <span class='ocrx_word' id='word_1_123' title='bbox 321 1243 359 1273; x_wconf 87' lang='lat' dir='ltr'>et</span> <span class='ocrx_word' id='word_1_124' title='bbox 379 1237 555 1273; x_wconf 85' lang='lat' dir='ltr'>admorso</span> <span class='ocrx_word' id='word_1_125' title='bbox 574 1235 725 1284; x_wconf 85' lang='lat' dir='ltr'>signata</span> <span class='ocrx_word' id='word_1_126' title='bbox 744 1234 786 1270; x_wconf 87' lang='lat' dir='ltr'>in</span> <span class='ocrx_word' id='word_1_127' title='bbox 805 1235 927 1283; x_wconf 86' lang='lat' dir='ltr'>stirpe</span> <span class='ocrx_word' id='word_1_128' title='bbox 947 1233 1123 1271; x_wconf 79' lang='lat' dir='ltr'>cicatrix.</span> 
     </span>
     <span class='ocr_line' id='line_1_20' title="bbox 160 1286 1356 1338; baseline -0.003 -11"><span class='ocrx_word' id='word_1_129' title='bbox 160 1289 252 1327; x_wconf 91' lang='lat' dir='ltr'>Non</span> <span class='ocrx_word' id='word_1_130' title='bbox 272 1291 386 1327; x_wconf 86' lang='lat' dir='ltr'>aliam</span> <span class='ocrx_word' id='word_1_131' title='bbox 406 1290 454 1326; x_wconf 92' lang='lat' dir='ltr'>ob</span> <span class='ocrx_word' id='word_1_132' title='bbox 474 1290 626 1338; x_wconf 88' lang='lat' dir='ltr'>culpam</span> <span class='ocrx_word' id='word_1_133' title='bbox 645 1288 801 1325; x_wconf 88' lang='lat' dir='ltr'>Baccho</span> <span class='ocrx_word' id='word_1_134' title='bbox 820 1300 935 1337; x_wconf 88' lang='lat' dir='ltr'>caper</span> <span class='ocrx_word' id='word_1_135' title='bbox 954 1287 1130 1324; x_wconf 84' lang='lat' dir='ltr'>omnibus</span> <span class='ocrx_word' id='word_1_136' title='bbox 1145 1286 1222 1325; x_wconf 85' lang='lat' dir='ltr'>aris</span> <span class='ocrx_word' id='word_1_137' title='bbox 1277 1288 1356 1324; x_wconf 90' lang='grc'>380</span> 
     </span>
     <span class='ocr_line' id='line_1_21' title="bbox 161 1340 1061 1390; baseline -0.006 -9"><span class='ocrx_word' id='word_1_138' title='bbox 161 1342 343 1388; x_wconf 79' lang='lat' dir='ltr'>Caeditur,</span> <span class='ocrx_word' id='word_1_139' title='bbox 364 1350 403 1381; x_wconf 90' lang='lat' dir='ltr'>et</span> <span class='ocrx_word' id='word_1_140' title='bbox 422 1348 573 1380; x_wconf 80' lang='lat' dir='ltr'>veteres</span> <span class='ocrx_word' id='word_1_141' title='bbox 592 1343 729 1379; x_wconf 88' lang='lat' dir='ltr'>ineunt</span> <span class='ocrx_word' id='word_1_142' title='bbox 747 1341 949 1390; x_wconf 82' lang='lat' dir='ltr'>proscenia.</span> <span class='ocrx_word' id='word_1_143' title='bbox 968 1340 1061 1385; x_wconf 88' lang='lat' dir='ltr'>ludi,</span> 
     </span>
     <span class='ocr_line' id='line_1_22' title="bbox 160 1394 1141 1445; baseline -0.003 -12"><span class='ocrx_word' id='word_1_144' title='bbox 160 1397 402 1445; x_wconf 87' lang='lat' dir='ltr'>Praemiaque</span> <span class='ocrx_word' id='word_1_145' title='bbox 421 1396 590 1445; x_wconf 82' lang='lat' dir='ltr'>ingeniis</span> <span class='ocrx_word' id='word_1_146' title='bbox 609 1408 728 1445; x_wconf 83' lang='lat' dir='ltr'>pagos</span> <span class='ocrx_word' id='word_1_147' title='bbox 749 1402 788 1432; x_wconf 86' lang='lat' dir='ltr'>et</span> <span class='ocrx_word' id='word_1_148' title='bbox 807 1395 976 1443; x_wconf 88' lang='lat' dir='ltr'>compita</span> <span class='ocrx_word' id='word_1_149' title='bbox 995 1394 1141 1431; x_wconf 85' lang='lat' dir='ltr'>circum</span> 
     </span>
     <span class='ocr_line' id='line_1_23' title="bbox 161 1447 1043 1498; baseline -0.003 -11"><span class='ocrx_word' id='word_1_150' title='bbox 161 1451 345 1488; x_wconf 84' lang='lat' dir='ltr'>Thesidae</span> <span class='ocrx_word' id='word_1_151' title='bbox 364 1462 532 1498; x_wconf 79' lang='lat' dir='ltr'>posuere,</span> <span class='ocrx_word' id='word_1_152' title='bbox 557 1456 670 1497; x_wconf 86' lang='lat' dir='ltr'>atque</span> <span class='ocrx_word' id='word_1_153' title='bbox 689 1449 791 1485; x_wconf 86' lang='lat' dir='ltr'>inter</span> <span class='ocrx_word' id='word_1_154' title='bbox 810 1448 947 1497; x_wconf 87' lang='lat' dir='ltr'>pocula</span> <span class='ocrx_word' id='word_1_155' title='bbox 965 1447 1043 1484; x_wconf 85' lang='lat' dir='ltr'>laeti</span> 
     </span>
     <span class='ocr_line' id='line_1_24' title="bbox 161 1502 1098 1552; baseline -0.004 -11"><span class='ocrx_word' id='word_1_156' title='bbox 161 1504 347 1541; x_wconf 88' lang='lat' dir='ltr'>Mollibus</span> <span class='ocrx_word' id='word_1_157' title='bbox 366 1505 406 1540; x_wconf 93' lang='lat' dir='ltr'>in</span> <span class='ocrx_word' id='word_1_158' title='bbox 426 1503 548 1552; x_wconf 86' lang='lat' dir='ltr'>pratis</span> <span class='ocrx_word' id='word_1_159' title='bbox 568 1508 703 1539; x_wconf 89' lang='lat' dir='ltr'>unctos</span> <span class='ocrx_word' id='word_1_160' title='bbox 724 1502 872 1539; x_wconf 87' lang='lat' dir='ltr'>saluere</span> <span class='ocrx_word' id='word_1_161' title='bbox 891 1514 960 1550; x_wconf 86' lang='lat' dir='ltr'>per</span> <span class='ocrx_word' id='word_1_162' title='bbox 979 1506 1098 1538; x_wconf 83' lang='lat' dir='ltr'>utres.</span> 
     </span>
     <span class='ocr_line' id='line_1_25' title="bbox 160 1554 1355 1604; baseline -0.004 -9"><span class='ocrx_word' id='word_1_163' title='bbox 160 1558 245 1595; x_wconf 90' lang='lat' dir='ltr'>Nec</span> <span class='ocrx_word' id='word_1_164' title='bbox 264 1570 342 1595; x_wconf 89' lang='lat' dir='ltr'>non</span> <span class='ocrx_word' id='word_1_165' title='bbox 364 1557 544 1601; x_wconf 84' lang='lat' dir='ltr'>Ausonii,</span> <span class='ocrx_word' id='word_1_166' title='bbox 567 1555 686 1604; x_wconf 82' lang='lat' dir='ltr'>Troja</span> <span class='ocrx_word' id='word_1_167' title='bbox 705 1568 800 1604; x_wconf 83' lang='lat' dir='ltr'>gens</span> <span class='ocrx_word' id='word_1_168' title='bbox 822 1555 951 1599; x_wconf 83' lang='lat' dir='ltr'>missa,</span> <span class='ocrx_word' id='word_1_169' title='bbox 970 1554 1096 1591; x_wconf 88' lang='lat' dir='ltr'>coloni</span> <span class='ocrx_word' id='word_1_170' title='bbox 1278 1555 1355 1595; x_wconf 78' lang='grc'>385</span> 
     </span>
     <span class='ocr_line' id='line_1_26' title="bbox 161 1608 1043 1658; baseline -0.005 -10"><span class='ocrx_word' id='word_1_171' title='bbox 161 1611 350 1649; x_wconf 84' lang='lat' dir='ltr'>Versibus</span> <span class='ocrx_word' id='word_1_172' title='bbox 370 1611 550 1648; x_wconf 83' lang='lat' dir='ltr'>incomtis</span> <span class='ocrx_word' id='word_1_173' title='bbox 568 1610 708 1647; x_wconf 90' lang='lat' dir='ltr'>ludunt</span> <span class='ocrx_word' id='word_1_174' title='bbox 728 1610 886 1658; x_wconf 88' lang='lat' dir='ltr'>risuque</span> <span class='ocrx_word' id='word_1_175' title='bbox 906 1608 1043 1653; x_wconf 89' lang='lat' dir='ltr'>soluto,</span> 
     </span>
     <span class='ocr_line' id='line_1_27' title="bbox 161 1661 1120 1714; baseline -0.004 -12"><span class='ocrx_word' id='word_1_176' title='bbox 161 1664 318 1714; x_wconf 82' lang='lat' dir='ltr'>Oraque</span> <span class='ocrx_word' id='word_1_177' title='bbox 338 1665 546 1702; x_wconf 85' lang='lat' dir='ltr'>corticibus</span> <span class='ocrx_word' id='word_1_178' title='bbox 565 1668 724 1701; x_wconf 87' lang='lat' dir='ltr'>sumunt</span> <span class='ocrx_word' id='word_1_179' title='bbox 743 1663 936 1699; x_wconf 85' lang='lat' dir='ltr'>horrenda</span> <span class='ocrx_word' id='word_1_180' title='bbox 957 1661 1120 1704; x_wconf 76' lang='lat' dir='ltr'>cavati53</span> 
     </span>
     <span class='ocr_line' id='line_1_28' title="bbox 158 1715 1196 1765; baseline -0.004 -10"><span class='ocrx_word' id='word_1_181' title='bbox 158 1719 213 1755; x_wconf 86' lang='lat' dir='ltr'>Et</span> <span class='ocrx_word' id='word_1_182' title='bbox 233 1725 283 1764; x_wconf 88' lang='lat' dir='ltr'>te,</span> <span class='ocrx_word' id='word_1_183' title='bbox 303 1718 469 1764; x_wconf 83' lang='lat' dir='ltr'>Bacche,</span> <span class='ocrx_word' id='word_1_184' title='bbox 492 1724 631 1754; x_wconf 85' lang='lat' dir='ltr'>vocant</span> <span class='ocrx_word' id='word_1_185' title='bbox 650 1729 719 1765; x_wconf 86' lang='lat' dir='ltr'>per</span> <span class='ocrx_word' id='word_1_186' title='bbox 738 1716 909 1754; x_wconf 83' lang='lat' dir='ltr'>carmina</span> <span class='ocrx_word' id='word_1_187' title='bbox 927 1715 1025 1760; x_wconf 60' lang='lat' dir='ltr'>laeta,</span> <span class='ocrx_word' id='word_1_188' title='bbox 1047 1715 1196 1763; x_wconf 88' lang='lat' dir='ltr'>tibique</span> 
     </span>
     <span class='ocr_line' id='line_1_29' title="bbox 160 1769 1010 1819; baseline -0.005 -10"><span class='ocrx_word' id='word_1_189' title='bbox 160 1772 306 1810; x_wconf 85' lang='lat' dir='ltr'>Oscilla</span> <span class='ocrx_word' id='word_1_190' title='bbox 325 1785 374 1809; x_wconf 84' lang='lat' dir='ltr'>ex</span> <span class='ocrx_word' id='word_1_191' title='bbox 394 1772 472 1809; x_wconf 86' lang='lat' dir='ltr'>alta</span> <span class='ocrx_word' id='word_1_192' title='bbox 492 1771 733 1819; x_wconf 79' lang='lat' dir='ltr'>suspendunt</span> <span class='ocrx_word' id='word_1_193' title='bbox 751 1769 880 1807; x_wconf 84' lang='lat' dir='ltr'>mollia</span> <span class='ocrx_word' id='word_1_194' title='bbox 900 1769 1010 1817; x_wconf 88' lang='lat' dir='ltr'>pinu.</span> 
     </span>
     <span class='ocr_line' id='line_1_30' title="bbox 159 1822 1357 1873; baseline -0.004 -10"><span class='ocrx_word' id='word_1_195' title='bbox 159 1826 266 1863; x_wconf 90' lang='lat' dir='ltr'>Hinc</span> <span class='ocrx_word' id='word_1_196' title='bbox 285 1825 410 1862; x_wconf 91' lang='lat' dir='ltr'>omnis</span> <span class='ocrx_word' id='word_1_197' title='bbox 428 1825 536 1873; x_wconf 80' lang='lat' dir='ltr'>largo</span> <span class='ocrx_word' id='word_1_198' title='bbox 556 1824 731 1872; x_wconf 90' lang='lat' dir='ltr'>pubescit</span> <span class='ocrx_word' id='word_1_199' title='bbox 750 1823 865 1860; x_wconf 83' lang='lat' dir='ltr'>vinea</span> <span class='ocrx_word' id='word_1_200' title='bbox 883 1822 983 1866; x_wconf 83' lang='lat' dir='ltr'>fetu3</span> <span class='ocrx_word' id='word_1_201' title='bbox 1278 1822 1357 1859; x_wconf 84' lang='lat'>390</span> 
     </span>
     <span class='ocr_line' id='line_1_31' title="bbox 160 1874 1186 1928; baseline -0.005 -12"><span class='ocrx_word' id='word_1_202' title='bbox 160 1879 415 1928; x_wconf 88' lang='lat' dir='ltr'>Complentur</span> <span class='ocrx_word' id='word_1_203' title='bbox 435 1879 631 1926; x_wconf 84' lang='lat' dir='ltr'>vallesque</span> <span class='ocrx_word' id='word_1_204' title='bbox 650 1888 755 1914; x_wconf 73' lang='lat' dir='ltr'>cavae</span> <span class='ocrx_word' id='word_1_205' title='bbox 775 1877 972 1924; x_wconf 82' lang='lat' dir='ltr'>saltusque</span> <span class='ocrx_word' id='word_1_206' title='bbox 991 1874 1186 1924; x_wconf 86' lang='lat' dir='ltr'>profundi,</span> 
     </span>
     <span class='ocr_line' id='line_1_32' title="bbox 157 1929 1221 1980; baseline -0.007 -10"><span class='ocrx_word' id='word_1_207' title='bbox 157 1933 211 1970; x_wconf 83' lang='lat' dir='ltr'>Et</span> <span class='ocrx_word' id='word_1_208' title='bbox 229 1944 473 1980; x_wconf 85' lang='lat' dir='ltr'>quocumque</span> <span class='ocrx_word' id='word_1_209' title='bbox 493 1932 587 1968; x_wconf 88' lang='lat' dir='ltr'>deus</span> <span class='ocrx_word' id='word_1_210' title='bbox 606 1931 752 1967; x_wconf 83' lang='lat' dir='ltr'>circum</span> <span class='ocrx_word' id='word_1_211' title='bbox 767 1936 882 1978; x_wconf 87' lang='lat' dir='ltr'>caput</span> <span class='ocrx_word' id='word_1_212' title='bbox 902 1929 982 1978; x_wconf 82' lang='lat' dir='ltr'>egit</span> <span class='ocrx_word' id='word_1_213' title='bbox 1003 1929 1221 1966; x_wconf 87' lang='lat' dir='ltr'>honestum.</span> 
     </span>
     <span class='ocr_line' id='line_1_33' title="bbox 159 1983 1061 2035; baseline -0.006 -12"><span class='ocrx_word' id='word_1_214' title='bbox 159 1987 266 2035; x_wconf 84' lang='lat' dir='ltr'>Ergo</span> <span class='ocrx_word' id='word_1_215' title='bbox 285 1986 357 2023; x_wconf 87' lang='lat' dir='ltr'>rite</span> <span class='ocrx_word' id='word_1_216' title='bbox 379 1998 491 2022; x_wconf 87' lang='lat' dir='ltr'>suum</span> <span class='ocrx_word' id='word_1_217' title='bbox 511 1985 666 2022; x_wconf 80' lang='lat' dir='ltr'>Baccho</span> <span class='ocrx_word' id='word_1_218' title='bbox 685 1984 856 2021; x_wconf 86' lang='lat' dir='ltr'>dicemus</span> <span class='ocrx_word' id='word_1_219' title='bbox 874 1983 1061 2019; x_wconf 84' lang='lat' dir='ltr'>honorem</span> 
     </span>
     <span class='ocr_line' id='line_1_34' title="bbox 161 2035 1156 2088; baseline -0.006 -10"><span class='ocrx_word' id='word_1_220' title='bbox 161 2039 408 2078; x_wconf 82' lang='lat' dir='ltr'>Carminibus</span> <span class='ocrx_word' id='word_1_221' title='bbox 427 2038 575 2088; x_wconf 82' lang='lat' dir='ltr'>patriis,</span> <span class='ocrx_word' id='word_1_222' title='bbox 596 2038 801 2085; x_wconf 89' lang='lat' dir='ltr'>lancesque</span> <span class='ocrx_word' id='word_1_223' title='bbox 820 2043 859 2074; x_wconf 85' lang='lat' dir='ltr'>et</span> <span class='ocrx_word' id='word_1_224' title='bbox 878 2036 957 2073; x_wconf 87' lang='lat' dir='ltr'>liba</span> <span class='ocrx_word' id='word_1_225' title='bbox 976 2035 1156 2080; x_wconf 84' lang='lat' dir='ltr'>feremus,</span> 
     </span>
     <span class='ocr_line' id='line_1_35' title="bbox 156 2090 1350 2134; baseline -0.003 -3"><span class='ocrx_word' id='word_1_226' title='bbox 156 2094 209 2131; x_wconf 81' lang='lat' dir='ltr'>Et</span> <span class='ocrx_word' id='word_1_227' title='bbox 228 2094 366 2130; x_wconf 83' lang='lat' dir='ltr'>ductus</span> <span class='ocrx_word' id='word_1_228' title='bbox 385 2105 504 2130; x_wconf 84' lang='lat' dir='ltr'>cornu</span> <span class='ocrx_word' id='word_1_229' title='bbox 524 2092 643 2129; x_wconf 86' lang='lat' dir='ltr'>stabit</span> <span class='ocrx_word' id='word_1_230' title='bbox 661 2103 769 2128; x_wconf 86' lang='lat' dir='ltr'>sacer</span> <span class='ocrx_word' id='word_1_231' title='bbox 788 2091 919 2127; x_wconf 91' lang='lat' dir='ltr'>hircus</span> <span class='ocrx_word' id='word_1_232' title='bbox 940 2090 988 2126; x_wconf 90' lang='lat' dir='ltr'>ad</span> <span class='ocrx_word' id='word_1_233' title='bbox 1007 2102 1126 2134; x_wconf 83' lang='lat' dir='ltr'>aram,</span> <span class='ocrx_word' id='word_1_234' title='bbox 1265 2090 1350 2127; x_wconf 33' lang='lat'>*395</span> 
     </span>
     <span class='ocr_line' id='line_1_36' title="bbox 157 2142 1207 2196; baseline -0.005 -13"><span class='ocrx_word' id='word_1_235' title='bbox 157 2147 403 2196; x_wconf 87' lang='lat' dir='ltr'>Pinguiaque</span> <span class='ocrx_word' id='word_1_236' title='bbox 422 2146 463 2182; x_wconf 89' lang='lat' dir='ltr'>in</span> <span class='ocrx_word' id='word_1_237' title='bbox 483 2146 641 2182; x_wconf 84' lang='lat' dir='ltr'>veribus</span> <span class='ocrx_word' id='word_1_238' title='bbox 660 2145 892 2182; x_wconf 84' lang='lat' dir='ltr'>torrebimus</span> <span class='ocrx_word' id='word_1_239' title='bbox 912 2149 1005 2180; x_wconf 80' lang='lat' dir='ltr'>exta</span> <span class='ocrx_word' id='word_1_240' title='bbox 1023 2142 1207 2180; x_wconf 84' lang='lat' dir='ltr'>colurnis.</span> 
     </span>
     <span class='ocr_line' id='line_1_37' title="bbox 212 2196 1127 2241; baseline -0.005 -4"><span class='ocrx_word' id='word_1_241' title='bbox 212 2201 285 2237; x_wconf 89' lang='lat' dir='ltr'>Est</span> <span class='ocrx_word' id='word_1_242' title='bbox 305 2201 420 2237; x_wconf 83' lang='lat' dir='ltr'>etiam</span> <span class='ocrx_word' id='word_1_243' title='bbox 439 2200 505 2236; x_wconf 90' lang='lat' dir='ltr'>ille</span> <span class='ocrx_word' id='word_1_244' title='bbox 523 2199 631 2236; x_wconf 86' lang='lat' dir='ltr'>labor</span> <span class='ocrx_word' id='word_1_245' title='bbox 651 2199 832 2235; x_wconf 85' lang='lat' dir='ltr'>curandis</span> <span class='ocrx_word' id='word_1_246' title='bbox 852 2197 999 2234; x_wconf 86' lang='lat' dir='ltr'>vitibus</span> <span class='ocrx_word' id='word_1_247' title='bbox 1019 2196 1127 2241; x_wconf 82' lang='lat' dir='ltr'>alter,</span> 
     </span>
     <span class='ocr_line' id='line_1_38' title="bbox 160 2252 1354 2302; baseline -0.003 -11"><span class='ocrx_word' id='word_1_248' title='bbox 160 2253 233 2292; x_wconf 90' lang='lat' dir='ltr'>Cui</span> <span class='ocrx_word' id='word_1_249' title='bbox 262 2266 473 2302; x_wconf 86' lang='lat' dir='ltr'>numquam</span> <span class='ocrx_word' id='word_1_250' title='bbox 501 2252 682 2290; x_wconf 82' lang='lat' dir='ltr'>exhausti</span> <span class='ocrx_word' id='word_1_251' title='bbox 709 2252 803 2290; x_wconf 86' lang='lat' dir='ltr'>satis</span> <span class='ocrx_word' id='word_1_252' title='bbox 829 2257 904 2296; x_wconf 83' lang='lat' dir='ltr'>est3</span> <span class='ocrx_word' id='word_1_253' title='bbox 933 2262 1099 2299; x_wconf 86' lang='lat' dir='ltr'>namque</span> <span class='ocrx_word' id='word_1_254' title='bbox 1126 2260 1239 2286; x_wconf 87' lang='lat' dir='ltr'>omne</span> <span class='ocrx_word' id='word_1_255' title='bbox 1259 2261 1354 2298; x_wconf 87' lang='lat' dir='ltr'>quo-</span> 
     </span>
     <span class='ocr_line' id='line_1_39' title="bbox 318 2307 449 2344; baseline 0.008 -2"><span class='ocrx_word' id='word_1_256' title='bbox 318 2307 449 2344; x_wconf 88' lang='lat' dir='ltr'>tannis</span> 
     </span>
     <span class='ocr_line' id='line_1_40' title="bbox 160 2355 1326 2408; baseline -0.003 -11"><span class='ocrx_word' id='word_1_257' title='bbox 160 2361 315 2408; x_wconf 85' lang='lat' dir='ltr'>Terque</span> <span class='ocrx_word' id='word_1_258' title='bbox 334 2367 547 2408; x_wconf 88' lang='lat' dir='ltr'>quaterque</span> <span class='ocrx_word' id='word_1_259' title='bbox 566 2359 690 2397; x_wconf 87' lang='lat' dir='ltr'>solum</span> <span class='ocrx_word' id='word_1_260' title='bbox 710 2358 972 2402; x_wconf 80' lang='lat' dir='ltr'>scindendum,</span> <span class='ocrx_word' id='word_1_261' title='bbox 993 2357 1182 2405; x_wconf 88' lang='lat' dir='ltr'>glebaque</span> <span class='ocrx_word' id='word_1_262' title='bbox 1203 2355 1326 2393; x_wconf 80' lang='lat' dir='ltr'>versis</span> 
     </span>
     <span class='ocr_line' id='line_1_41' title="bbox 159 2410 1353 2462; baseline -0.005 -11"><span class='ocrx_word' id='word_1_263' title='bbox 159 2415 374 2451; x_wconf 87' lang='lat' dir='ltr'>AEternum</span> <span class='ocrx_word' id='word_1_264' title='bbox 391 2413 605 2462; x_wconf 79' lang='lat' dir='ltr'>frangenda</span> <span class='ocrx_word' id='word_1_265' title='bbox 625 2413 865 2454; x_wconf 84' lang='lat' dir='ltr'>bidentibus3</span> <span class='ocrx_word' id='word_1_266' title='bbox 884 2423 997 2448; x_wconf 90' lang='lat' dir='ltr'>omne</span> <span class='ocrx_word' id='word_1_267' title='bbox 1014 2410 1223 2447; x_wconf 79' lang='lat' dir='ltr'>levandum</span> <span class='ocrx_word' id='word_1_268' title='bbox 1273 2410 1353 2446; x_wconf 83' lang='lat'>400</span> 
     </span>
     <span class='ocr_line' id='line_1_42' title="bbox 157 2463 1285 2515; baseline -0.004 -11"><span class='ocrx_word' id='word_1_269' title='bbox 157 2467 313 2505; x_wconf 88' lang='lat' dir='ltr'>Fronde</span> <span class='ocrx_word' id='word_1_270' title='bbox 332 2479 484 2510; x_wconf 87' lang='lat' dir='ltr'>nemus;</span> <span class='ocrx_word' id='word_1_271' title='bbox 504 2467 603 2504; x_wconf 83' lang='lat' dir='ltr'>redit</span> <span class='ocrx_word' id='word_1_272' title='bbox 625 2466 803 2515; x_wconf 79' lang='lat' dir='ltr'>agricolis</span> <span class='ocrx_word' id='word_1_273' title='bbox 822 2465 931 2502; x_wconf 88' lang='lat' dir='ltr'>labor</span> <span class='ocrx_word' id='word_1_274' title='bbox 951 2469 1058 2501; x_wconf 85' lang='lat' dir='ltr'>actus</span> <span class='ocrx_word' id='word_1_275' title='bbox 1079 2464 1119 2500; x_wconf 88' lang='lat' dir='ltr'>in</span> <span class='ocrx_word' id='word_1_276' title='bbox 1139 2463 1285 2508; x_wconf 88' lang='lat' dir='ltr'>orbem,</span> 
     </span>
    </p>
   </div>
  </div>
 </body>
</html>
