1475 2712
74 194 150 246 111.]
594 203 715 231 msn.
1190 189 1239 228 49

132 301 325 346 Quantum
343 314 443 339 nunc
460 299 600 350 aquilas
618 300 737 337 cernis
754 299 891 337 habere
909 302 1006 337 tuas.

79 354 226 393 Pertica
244 368 437 405 suspensos
455 355 628 404 portabat
645 354 758 402 longa
776 352 956 402 maniplos
972 365 980 389 ε

135 408 247 446 Unde
264 409 476 458 maniplaris
493 407 644 445 nomina
660 407 764 444 miles
783 407 909 444 habet.

81 461 183 510 Ergo
202 463 315 500 animi
333 461 520 507 indociles,
540 466 578 499 et
596 460 716 498 adhuc
735 461 878 499 ratione
896 464 1063 497 carentes

133 515 322 553 Mensibus
341 520 492 564 egerunt
510 515 627 553 lustra
644 515 788 551 minora
813 514 952 551 decem.
1169 512 1244 550 120

81 569 216 613 Annus
234 575 324 615 erat,
345 569 527 606 decimum
546 581 630 605 cum
648 567 737 605 luna
755 568 961 617 repleverat
979 567 1116 604 orbem.

133 622 208 660 Hic
226 635 400 660 numerus
419 634 554 671 magno
571 628 662 660 tunc
680 622 719 658 in
737 622 878 658 henore
894 620 977 661 fuit.

82 675 157 713 Seu
174 676 260 724 quia
278 681 336 714 tot
354 675 474 725 digiti,
494 687 560 725 per
579 688 672 725 quos
690 687 886 712 numerare
903 674 1061 712 solemus
1079 687 1087 717 ;

134 729 208 767 Seu
227 730 314 779 quia
331 730 387 767 bis
404 730 517 778 quino
534 729 682 767 foemina
700 741 825 766 mense
843 728 963 778 parit;

83 782 158 820 Seu
172 784 272 832 quod
288 783 452 832 adusque
466 784 593 821 decem
610 795 765 820 numero
784 787 972 821 crescente
990 782 1138 819 venitur
1152 780 1247 825 ;125›

135 836 362 887 Principium
381 837 508 887 spatiis
527 837 684 875 sumitur
702 836 790 873 inde
808 836 923 874 novis.

82 890 177 927 Inde
194 903 300 940 pares
319 896 469 929 centum
488 891 604 928 denos
622 890 778 928 secrevit
795 890 835 926 in
854 891 961 926 orbes

135 943 330 990 Romulus,
350 945 515 983 hastatos
533 944 770 994 instituitque
789 944 927 981 decem.

84 997 135 1035 Et
153 997 311 1035 totidem
329 998 512 1048 princeps,
533 998 690 1036 totidem
709 997 867 1048 pilanus,
888 996 1049 1034 habebat

138 1051 316 1100 Corpora,
335 1051 501 1101 legitimo
519 1051 655 1101 quique
673 1051 838 1089 merebat
856 1063 962 1100 equo.
1176 1049 1251 1087 130

86 1104 189 1150 Quin
207 1105 317 1142 etiam
336 1110 459 1154 partes
480 1106 636 1144 totidem
656 1105 884 1143 Titiensibus
903 1104 1013 1148 idem,

139 1158 317 1207 Quosque
335 1164 469 1197 vocant
488 1159 664 1204 Ramnes,
686 1159 966 1207 Luceribusque
983 1156 1102 1195 dedit.

85 1211 264 1250 Assuetos
282 1211 398 1260 igitur
416 1225 589 1249 numeros
609 1212 768 1250 servavit
786 1212 825 1249 in
844 1224 956 1249 anno.

137 1264 223 1302 Hoc
239 1265 345 1314 luget
364 1266 483 1315 spatio
501 1266 650 1303 foemina
667 1270 796 1304 maesta
814 1266 948 1302 virum.

87 1318 174 1356 Neu
193 1318 351 1365 dubites,
372 1319 499 1368 primae
519 1319 657 1358 fuerint
675 1320 765 1368 quin
784 1323 871 1357 ante
890 1318 1070 1356 Kalendae
1180 1318 1254 1355 135

139 1373 271 1411 Martis
286 1386 295 1416 ;
318 1373 366 1410 ad.
384 1373 463 1410 haec
482 1373 645 1410 animum
664 1374 771 1422 signa
789 1373 925 1410 referre
943 1377 1060 1422 potes,

84 1427 231 1464 Laurea
251 1426 491 1472 Flaminibus,
512 1439 593 1475 quae
608 1431 690 1465 toto
709 1426 873 1476 perstitit,
892 1438 1005 1471 anno,

138 1479 312 1526 Tollitur,
333 1484 371 1518 et
388 1480 538 1518 frondes
558 1486 645 1518 sunt
663 1481 703 1517 in
721 1480 862 1517 honore
881 1492 1001 1517 novae.

88 1534 113 1571 J
116 1546 214 1572 anua
231 1545 332 1570 nunc
350 1533 448 1583 regis
467 1534 588 1584 posita
605 1534 701 1571 viret
719 1534 850 1571 arbore
870 1533 1000 1571 Phoebi
1021 1547 1029 1571 z

141 1587 244 1626 Ante
261 1591 345 1625 tuas
363 1587 406 1625 fit
424 1587 534 1634 idem,
555 1588 657 1625 curia
675 1587 806 1637 prisca,
826 1587 936 1625 fores.
1181 1585 1257 1622 ΜΟ

88 1641 207 1679 Vesta
224 1652 371 1689 quoque
389 1645 432 1678 ut
445 1641 534 1679 folio
552 1641 673 1680 niteat
688 1641 812 1679 velata
829 1641 983 1687 recenti,

143 1694 254 1732 Cedit
272 1695 320 1731 ab
339 1694 460 1732 Iliacis
473 1695 600 1732 laurea
618 1708 710 1732 cana
727 1695 829 1732 focis.

90 1748 214 1794 Adde,
236 1747 337 1796 quod
355 1760 490 1786 arcana
507 1749 587 1786 fieri
605 1761 724 1786 novus
742 1748 839 1797 ignis
852 1748 893 1785 in
911 1748 994 1786 aede

144 1801 306 1847 Dicitur,
327 1806 364 1839 et
382 1802 478 1839 vires
496 1803 644 1839 flamma
661 1802 799 1840 refecta
817 1802 930 1852 capit.

93 1854 174 1892 Nec
192 1855 283 1892 mihi
301 1867 416 1904 parva
433 1856 536 1902 fides,
558 1868 675 1893 annos
692 1855 779 1893 hinc
796 1856 868 1893 isse
886 1856 1038 1906 priores,
1185 1855 1260 1893 145

145 1909 259 1946 Anna
277 1909 376 1957 quod
394 1909 464 1947 hoc
484 1914 606 1959 coepto
625 1914 682 1947 est
699 1922 825 1947 mense
840 1910 1011 1947 Perenna
1029 1909 1112 1947 coli.

92 1961 196 2000 Hinc
214 1963 325 2000 etiam
344 1968 487 2001 veteres
504 1963 589 2001 initi
607 1968 860 2002 memorantur
876 1964 1037 2001 honores

149 2016 212 2053 Ad
231 2017 390 2065 spatium
403 2017 502 2062 belli,
523 2017 664 2066 perfide
683 2016 808 2062 Poene,
828 2018 896 2055 tui.

95 2069 267 2117 Denique
286 2069 438 2118 quintus
457 2070 505 2107 ad
521 2071 592 2107 hoc
611 2071 732 2108 fuerat
752 2071 931 2115 Quintilis
949 2082 963 2107 :⁷
987 2075 1026 2109 et
1043 2071 1133 2109 inde

148 2123 296 2172 Incipit,
317 2135 338 2159 a
356 2136 510 2160 numero
529 2124 682 2160 nomina
700 2123 864 2173 quisquis
881 2125 1004 2162 habet.
1187 2125 1263 2162 1:30

96 2176 254 2221 Primus,
277 2176 452 2214 oliviferis
470 2177 629 2214 Romam
648 2177 832 2215 deductus
846 2179 899 2215 ab
913 2179 1019 2223 arvis,

154 2229 353 2278 Pompilius
371 2243 515 2268 menses
534 2231 649 2268 sensit
667 2231 794 2268 abesse
808 2231 913 2268 duos.

99 2284 185 2321 Sive
203 2284 275 2320 hoc
294 2295 315 2319 a
335 2283 458 2321 Samio
478 2284 622 2328 doctus,
642 2284 704 2333 qui
723 2297 831 2333 posse
849 2285 991 2322 renasci

150 2337 230 2373 Nos
248 2341 357 2386 putat
376 2350 385 2381 3
416 2337 552 2386 Egeria
570 2338 646 2375 sive
664 2344 840 2376 monente
859 2351 934 2375 sua.

100 2391 173 2428 Sed
192 2396 317 2428 tamen
337 2392 510 2429 errabant
529 2391 731 2429 etiamnum
749 2397 915 2440 tempora
931 2405 940 2435 ;
971 2392 1088 2430 donec
1198 2396 1270 2432 155

154 2444 308 2481 Caesaris
328 2444 367 2482 in
386 2445 512 2482 multis
530 2445 611 2482 haec
629 2457 776 2494 quoque
793 2458 882 2483 cura
899 2445 980 2484 fuit.

667 2511 700 2549 E
