1414 2666
142 166 192 205 16
537 180 574 207 P.
603 179 731 206 ovmn
752 178 916 206 NASONIS
1227 168 1323 220 [m.

195 275 503 325 Hellespontiaco
521 275 674 314 victima
691 281 801 325 grata
818 277 902 314 deo.
1243 278 1322 316 440

142 328 300 367 Intactae
319 331 473 367 fueratis
492 342 590 375 aves,
611 330 743 368 solatia
760 331 869 376 ruris,
1235 351 1238 353 Δ

192 385 396 421 Assuetum
417 383 542 433 sylvis,
557 384 837 434 innocuumque
855 396 975 433 genus
995 397 1005 427 ;

140 435 235 481 Quae
253 437 375 474 facitis
394 437 514 481 nidos,
536 449 619 486 quae
639 437 774 486 plumis
793 450 865 475 ova
882 437 1028 483 fovetis,

198 490 249 528 Et
268 491 364 528 facili
386 491 513 528 dulces
528 491 639 528 editis
658 503 722 528 ore
738 491 882 529 modos.

138 543 211 580 Sed
232 544 327 580 nihil
346 545 418 582 ista
431 544 569 594 juvant
587 558 596 588 ;
625 545 713 593 quia
730 545 870 594 linguae
891 544 1029 581 crimen
1048 544 1207 590 habetis,
1237 545 1315 583 445

192 597 317 645 Dique
336 604 474 647 putant
493 604 637 636 mentes
652 611 718 635 vos
737 599 881 648 aperire
900 611 996 635 suas.

135 649 216 688 Nec
236 660 359 689 tamen
379 653 416 689 id
436 653 582 689 falsum.
639 652 749 697 Nam,
771 653 829 689 dis
846 658 890 690 ut
908 652 1078 701 proxima
1095 663 1265 701 quaeque,

190 704 303 742 Nunc
323 719 447 755 penna
466 719 584 746 veras,
604 718 707 742 nunc
726 707 824 744 datis
844 718 908 743 ore
927 713 1050 742 notas.

136 756 237 796 Tuta
255 759 320 796 diu
336 760 529 797 volucrum
549 759 682 809 proles,
703 765 783 796 tum
803 759 965 808 denique
984 770 1079 796 caesa
1096 763 1153 796 est
1173 771 1182 796 ε

186 811 453 862 ὖυνρῑιιηῑᾳιιθ
472 814 563 850 deos
582 813 718 849 indicis
738 818 826 850 exta
846 814 914 850 sui.
1236 813 1315 851 450

134 863 238 913 Ergo
258 878 356 915 saepe
375 879 442 903 suo
462 866 601 915 conjux
620 867 787 904 abducta
803 867 939 904 marito

189 919 322 957 Uritur
339 920 378 956 in
398 921 526 957 calidis
545 921 630 957 alba
648 920 822 958 columba
840 920 945 957 focis.

134 972 215 1009 Nec
235 973 389 1010 defensa
402 974 540 1022 juvant
563 974 763 1022 Capitolia,
783 987 858 1023 quo
877 974 1001 1010 minus
1020 986 1129 1010 anser

189 1026 265 1063 Det
279 1027 388 1075 jecur
407 1028 443 1065 in
465 1029 600 1068 lances,
624 1027 753 1065 Inachi
772 1028 887 1072 lauta,
908 1034 1003 1065 tuas.

131 1080 255 1117 Nocte
274 1081 352 1117 deae
375 1082 488 1119 Nocti
509 1082 685 1118 cristatus
705 1081 864 1118 caeditur
883 1082 970 1124 ales,
1238 1081 1262 1117 4
1296 1096 1298 1099 ’

186 1133 300 1178 Quod
321 1135 489 1182 tepidum
508 1135 613 1183 vigili
632 1141 812 1184 provocat
832 1148 896 1172 ore
914 1135 1024 1172 diem.

132 1186 282 1224 Interea
303 1188 469 1238 Delphin
488 1189 628 1226 clarum
649 1201 760 1238 super
779 1200 930 1238 aequora
949 1189 1051 1226 sidus

181 1241 355 1286 Tollitur,
376 1250 414 1280 et
433 1243 564 1291 patriis
584 1243 724 1279 exserit
744 1254 810 1278 ora
829 1243 946 1279 vadis

132 1293 288 1332 Postera
307 1296 373 1332 lux
392 1296 551 1332 hiemem
571 1296 696 1332 medio
716 1296 930 1332 discrimine
949 1296 1074 1344 signat
1095 1309 1103 1333 :

182 1348 377 1398 AEquaque
396 1351 608 1399 praeteritae‚
629 1361 711 1398 quae
732 1349 934 1398 superabit,
955 1350 1037 1387 erit.
1235 1347 1314 1386 460

1265 1082 1287 1118 01

1291 1082 1314 1118 01

128 1456 305 1494 Proxima
324 1456 524 1506 prospiciet
546 1456 713 1493 Tithono
731 1455 882 1492 Aurora
900 1456 1032 1493 relic-to

180 1510 354 1547 Arcadiae
374 1523 519 1547 sacrum
539 1509 753 1559 pontificale
772 1510 868 1547 deae.

128 1563 183 1599 Te
203 1576 352 1613 quoque
371 1564 437 1600 lux
452 1564 595 1606 eadem,
619 1563 739 1600 Turni
759 1575 875 1607 soror,
897 1563 979 1600 aede
997 1563 1149 1612 recepit,

178 1617 254 1654 Hic
273 1618 338 1654 ubi
358 1617 539 1666 Virginea
559 1617 722 1665 Campus
742 1617 869 1654 obitur
888 1629 1008 1666 aequa.

128 1669 242 1708 Unde
261 1677 385 1720 petam
402 1684 531 1708 causas
550 1671 683 1708 horum
702 1682 918 1718 moremque
937 1683 1126 1708 sacrorum
1145 1670 1165 1708 ⁶?
1231 1668 1310 1709 465

180 1724 333 1773 Dirigat
346 1725 385 1761 in
401 1725 524 1761 medio
545 1724 627 1774 quis
646 1737 729 1761 mea
748 1724 831 1761 vela
850 1724 946 1761 freto
961 1724 981 1761 ἶ)

124 1777 209 1826 Ipsa
229 1791 350 1821 mone,
372 1790 454 1828 quae
470 1791 607 1815 nomen
627 1778 741 1815 habes
760 1791 781 1815 a
800 1778 964 1815 carmine
983 1778 1151 1823 ductum,

178 1831 451 1881 propositoque
469 1832 565 1875 fave,
585 1844 633 1868 ne
652 1837 740 1869 tuus
759 1836 860 1869 erret
878 1831 1011 1868 honos.

126 1885 222 1922 Orta
240 1885 342 1935 prior
363 1885 485 1930 Luna,
507 1885 555 1922 de
574 1897 613 1922 se
632 1885 662 1922 si
682 1884 850 1922 creditur
868 1884 954 1933 ipsi,

176 1940 211 1974 A
231 1951 369 1987 magno
389 1940 500 1976 tellus
519 1939 670 1975 Arcade
689 1950 828 1975 nomen
845 1937 971 1976 habet.
1230 1936 1310 1977 470

124 1991 200 2029 Hic·-
218 1992 291 2030 fuit
310 1992 499 2036 Evander,
520 1992 595 2041 qui,
617 2004 832 2040 quanquam
851 1991 974 2028 clarus
991 1996 1164 2041 utroque,

177 2046 350 2083 Nobilior
369 2058 481 2083 sacrae
502 2046 684 2094 sanguine
704 2045 832 2082 matris
851 2051 932 2082 erat
952 2057 973 2088 ;·

123 2100 232 2144 Quae,
253 2100 362 2136 simul
383 2100 556 2137 aetherios
576 2099 702 2136 animo
717 2104 941 2147 conceperat
957 2098 1078 2148 ignes,

178 2153 255 2191 Ore
275 2153 389 2191 dabat
408 2166 497 2190 vero
517 2153 682 2190 carmina
700 2153 811 2201 plena
831 2152 905 2189 dei.

127 2207 289 2244 Dixerat
308 2207 389 2244 haec
408 2213 499 2245 nato
519 2212 643 2245 motus
662 2206 804 2244 instare
823 2205 980 2254 sibique,
1228 2205 1306 2245 475

177 2260 376 2310 Multaque
394 2267 589 2310 praeterea,
610 2266 780 2309 tempore
798 2265 910 2297 nacta
927 2258 1051 2296 fldem.

123 2314 221 2350 Nam
236 2314 399 2362 juvenis,
420 2327 508 2351 vera
526 2313 683 2350 nimium
702 2325 789 2350 cum
805 2317 926 2350 matre
944 2312 1108 2361 fugatus,

178 2367 331 2405 Deserit
351 2368 557 2404 Arcadium
579 2366 894 2415 Parrhasiumque
911 2366 1040 2403 larem.

125 2420 197 2458 Cui
216 2421 382 2471 genitrix
400 2422 520 2467 flenti,
541 2420 711 2459 Fortuna
729 2419 900 2465 viriliter,
921 2419 1057 2471 inquit,
