1414 2666
118 165 169 204 10
552 179 764 208 ommim
790 179 818 207 1.

223 271 326 310 Voce
346 273 507 311 formasti
528 281 643 323 catus,
663 282 699 314 et
716 276 869 314 decorae

436 327 542 365 More
559 330 785 378 palaestrae3

225 378 279 416 Te
295 391 442 427 canam,
465 383 583 430 magni
602 382 704 421 Jovis
722 390 759 421 et
778 383 932 421 deorum
1282 383 1304 419 5

226 432 421 480 Nuntium,
440 446 651 485 curvaeque
670 437 770 487 lyrae
788 442 993 487 parentem,

223 485 420 534 Callidum,
441 488 616 537 quidquid
635 491 786 539 placuit,
806 490 937 540 jocoso

442 541 610 580 Condere
628 543 733 582 furto.

228 592 295 640 Te,
316 594 428 632 boves
443 595 529 633 olim
545 598 614 634 nisi
633 597 847 636 reddidisses

226 646 295 684 Per
313 647 436 686 dolum
458 657 612 697 amotaS,
631 663 783 700 puerum
806 652 943 690 minaci
1261 651 1307 689 10

225 700 328 738 Voce
348 701 434 740 dum
454 708 569 752 terret,
600 705 730 743 viduus
748 705 931 755 pharetra,

442 756 528 794 Risit
549 759 697 807 Apollo.

229 808 330 854 Quin
353 816 390 846 et
410 809 571 857 Atridas,
590 811 685 849 duce
705 819 750 858 te,
770 813 959 862 superbos,

225 859 306 908 Ilio,
327 862 429 900 dives
447 864 624 911 Priamus,
646 866 782 913 relicto,

226 914 495 966 Thessalosque
515 919 626 967 ignes,
645 924 680 956 et
699 919 826 969 iniqua
845 917 980 967 Trojae
1266 919 1311 956 15

434 971 564 1008 Castra
583 971 722 1009 fefellit,
940 971 942 973 ’

226 1022 283 1060 Tu
298 1025 378 1073 pias
392 1024 495 1062 laetis
513 1026 657 1063 animas
676 1027 821 1076 reponis

229 1076 395 1123 Sedibus,
415 1079 587 1128 virgaque
604 1080 724 1116 levem
746 1092 896 1119 coerces

227 1130 353 1168 Aurea
373 1132 530 1178 turbam,
551 1134 690 1182 superis
710 1133 860 1172 deorum

438 1186 586 1233 Gratus,
606 1195 641 1224 et
659 1188 753 1226 imis.
1261 1187 1312 1224 20

442 1291 530 1329 Om:
560 1291 754 1331 XL—-Acl
769 1292 994 1332 Leuconoiin.

120 1381 182 1420 TU
211 1394 257 1419 ne
278 1384 486 1432 quaesieris,
500 1384 592 1420 scire
611 1382 727 1429 nefas,
746 1395 857 1433 quem
878 1383 979 1430 mihi,
999 1395 1109 1433 quem
1125 1383 1186 1420 tibi

120 1435 251 1473 Finem
273 1437 310 1474 di
332 1436 507 1484 dederint,
527 1435 728 1474 Leuconoe
748 1450 758 1484 3
786 1449 857 1474 nec
877 1436 1100 1486 Babylonios

122 1490 288 1528 Tentaris
307 1502 491 1529 numeros,
547 1490 596 1528 Ut
615 1490 757 1537 melius,
778 1490 951 1540 quidquid
970 1490 1048 1537 erit,
1063 1491 1136 1540 pati
1158 1491 1166 1528 l

123 1542 197 1580 Seu
216 1544 337 1593 plures
356 1544 506 1591 hiemes,
536 1556 600 1583 seu
627 1544 749 1582 tribuit
766 1544 908 1594 Jupiter
928 1545 1107 1591 ultimam,

122 1596 230 1642 Quae
248 1610 349 1636 nunc
368 1599 541 1649 oppositis
561 1598 722 1636 debilitat
738 1598 946 1648 pumicibus
965 1609 1065 1635 mare
1285 1596 1306 1631 5

121 1649 370 1701 Tyrrhenum.
428 1652 568 1702 Sapias,
589 1653 677 1690 vina
697 1652 823 1702 liques,
844 1658 880 1689 et
898 1652 1017 1702 spatio
1036 1651 1136 1688 brevi

122 1703 234 1754 Spem
252 1706 397 1755 longam
415 1718 570 1745 reseces.
626 1705 729 1744 Dum
749 1705 939 1755 loquimur,
960 1704 1086 1754 fugerit
1104 1703 1228 1742 invida

121 1758 248 1799 Aetas.
307 1759 430 1811 Carpe
449 1759 560 1807 diem,
577 1772 689 1810 quam
710 1761 905 1798 minimum
925 1759 1074 1797 credula
1093 1765 1252 1809 postero.

427 1863 517 1902 Ona
546 1863 761 1903 XII.-Ad
775 1864 1000 1916 Auyustum.

229 1945 357 1988 Quam
374 1944 506 1990 virum,
528 1950 590 1981 aut
606 1942 731 1989 heroa,
747 1944 824 1991 lyra
843 1942 902 1981 vel
924 1942 1001 1990 acri

227 1998 334 2036 Tibia
349 1998 463 2035 sumis
483 1997 679 2043 celebrare,
702 1997 783 2035 Clio
797 1997 817 2035 P

228 2052 352 2099 Quem
366 2051 477 2089 deum
492 2051 512 2089 ἓ)
541 2050 646 2100 cujus
668 2051 802 2089 recinet
819 2049 948 2100 jocosa

441 2104 589 2142 Nomen
611 2106 742 2154 imago,

231 2160 312 2197 Aut
329 2161 366 2196 in
387 2158 566 2197 umbrosis
595 2158 785 2196 Heliconis
804 2158 886 2205 oris,
1289 2156 1310 2193 5

230 2213 311 2251 Aut
329 2225 438 2263 super
459 2211 587 2258 Pindo,
607 2211 770 2262 gelidove
784 2213 820 2249 in
841 2209 990 2250 Haemd
1008 2211 1029 2250 Ῥ

230 2265 337 2305 Unde
357 2267 522 2305 vocalem
544 2272 679 2303 temere
698 2266 884 2303 insecutae

441 2318 590 2369 Orphea
610 2320 734 2367 silvae,

233 2373 324 2411 Arte
341 2380 506 2411 materna
525 2373 669 2423 rapidos
683 2379 884 2411 morantem

231 2425 446 2466 Fluminum
465 2427 604 2477 lapsus,
624 2427 832 2478 celeresque
852 2431 994 2473 ventos,
1262 2424 1308 2462 10
