1475 2712
82 263 183 316 HL]
496 259 842 299 GEORGICON.
1222 262 1272 300 47

84 372 176 409 Non
196 372 310 420 lupus
330 369 487 407 insidias
508 368 684 416 explorat
705 368 821 405 ovilia
841 368 998 413 circum,

84 426 169 463 Neo
187 425 370 474 gregibus
390 428 600 459 nocturnus
620 422 857 465 obambulat3
888 422 1012 459 acrior
1031 421 1141 458 illum

87 478 192 516 Cura
210 479 337 514 domat
355 491 366 519 ;
393 475 518 512 timidi
539 476 658 512 damae
678 476 859 523 cervique
878 476 1035 523 fugaces

85 532 203 569 Nunc
222 531 398 578 interque
418 541 530 566 canes
551 535 587 569 et
608 529 754 565 circum
773 534 875 566 tecta
896 534 1098 577 vagantur.
1197 529 1277 564 540

84 585 113 622 ὖ
116 598 176 622 am
197 584 312 621 maris
331 583 508 619 immensi
528 581 674 631 prolem
694 588 732 618 et
751 594 873 630 genus
893 594 1004 619 omne
1023 587 1223 618 natantum

86 639 219 675 Litore
239 638 279 673 in
300 642 483 680 extremo,
505 648 574 672 ceu
594 635 782 683 naufraga
801 647 972 684 corpora,
993 635 1134 672 fluctus

85 691 239 729 Proluit
256 705 266 734 ;
294 689 456 727 insolitae
475 688 632 737 fugiunt
651 688 692 724 in
711 688 872 725 flumina
891 689 1034 737 phocae.

85 745 227 782 Interit
248 751 286 781 et
305 744 434 780 curvis
455 741 600 779 frustra
619 741 777 779 defensa
798 742 955 778 latebris

86 799 245 846 Vipera,
267 803 305 834 et
324 796 475 833 attoniti
497 795 664 844 squamis
684 795 925 832 adstantibus
944 795 1070 845 hydri.
1200 796 1277 831 545

86 852 189 900 Ipsis
209 857 267 888 est
287 857 352 887 aer
372 850 508 886 avibus
528 862 604 885 non
625 861 767 897 aequus,
789 855 827 885 et
846 849 922 885 illae

85 905 312 952 Praecipites
331 903 408 940 alta
427 903 547 939 vitam
568 903 638 938 sub
658 903 760 938 nube
774 902 1011 951 relinquunt.

87 958 283 995 Praeterea
296 956 378 1004 jam
399 969 470 993 neo
489 956 629 993 mutari
650 955 790 1004 pabula
809 955 939 1001 refert,

91 1010 346 1058 Quaesitaeque
365 1016 504 1046 nocent
523 1015 624 1046 artes
643 1024 652 1051 ;
681 1021 828 1046 cessere
848 1009 1034 1057 magistri,

88 1064 326 1113 Phillyrides
348 1063 493 1100 Chiron
514 1062 877 1111 Amythaoniusque
898 1063 1128 1112 Melampus.
1204 1065 1283 1100 550

94 1118 214 1155 Saevit
234 1123 272 1154 et
291 1117 332 1152 in
351 1116 475 1153 lucem
500 1115 648 1165 Stygiis
668 1116 805 1152 emissa
825 1116 995 1153 tenebris

89 1171 240 1208 Pallida
261 1170 474 1219 Tisiphone
493 1167 652 1205 Morbos
671 1168 753 1216 agit
772 1175 860 1206 ante
882 1170 1121 1218 Metumque,

91 1225 217 1273 Inque
237 1224 318 1260 dies
338 1223 496 1260 avidum
516 1234 677 1270 surgens
697 1229 812 1270 caput
833 1223 946 1259 altius
967 1222 1090 1260 effert.

90 1278 232 1315 Balatu
251 1289 432 1326 pecorum
452 1282 490 1312 et
509 1275 654 1312 crebris
673 1276 887 1324 mugitibus
907 1288 1038 1313 amnes

94 1330 338 1378 Arentesque
359 1334 496 1366 sonant
516 1329 610 1377 ripae
629 1329 821 1378 collesque
841 1330 984 1378 supini.
1206 1331 1283 1366 555

91 1386 261 1432 Jamque
280 1383 508 1420 catervatim
528 1383 593 1419 dat
613 1392 790 1430 stragem,
812 1391 927 1431 atque
947 1389 1106 1432 aggerat
1126 1383 1221 1432 ipsis

91 1438 141 1474 In
161 1437 321 1475 stabulis
341 1437 444 1485 turpi
464 1436 611 1485 dilapsa
631 1436 818 1473 cadavera
837 1438 926 1473 tabo
944 1450 952 1473 :

93 1489 227 1527 Donec
244 1491 361 1527 humo
381 1497 512 1538 tegere
531 1502 574 1526 ao
593 1489 717 1526 foveis
737 1491 971 1527 abscondere
990 1490 1158 1527 discunt.

94 1544 198 1581 Nam
218 1556 342 1592 neque
361 1550 443 1580 erat
462 1543 575 1580 coriis
597 1555 700 1587 usus,
720 1556 790 1580 neo
811 1543 958 1580 viscera
976 1544 1179 1592 quisquam

95 1596 180 1634 Aut
200 1598 313 1633 undis
333 1597 484 1633 abolere
503 1602 640 1644 potest,
661 1603 728 1633 aut
748 1597 903 1634 vincere
921 1597 1089 1634 flamma.
1210 1599 1289 1635 560

96 1651 160 1689 Ne
179 1651 338 1687 tondere
358 1650 510 1697 quidem
532 1651 665 1686 morbo
683 1650 894 1698 illuvieque
914 1663 1047 1699 peresa

97 1704 268 1749 Vellera,
288 1716 358 1740 nec
378 1704 473 1740 telas
493 1709 652 1751 possunt
673 1704 863 1752 attingere
883 1710 1015 1752 putres
1034 1719 1044 1748 ;

96 1756 242 1794 Verum
264 1757 391 1801 etiam,
412 1758 558 1793 invisos
579 1757 610 1793 si
630 1757 717 1804 quis
737 1763 904 1794 tentarat
924 1758 1098 1802 amiotus,

96 1811 292 1847 Ardentes
311 1811 459 1859 papulae
480 1817 595 1858 atque
614 1810 834 1847 immundus
853 1811 996 1847 olentia
1015 1812 1131 1848 sudor

98 1864 276 1901 Membra
297 1865 538 1912 sequebatur,
560 1875 630 1899 nec
650 1863 764 1912 longa
783 1864 922 1900 deinde
940 1865 1107 1902 moranti
1212 1867 1288 1903 565

100 1917 292 1966 Tempore
312 1924 507 1955 contactos
527 1923 635 1954 artus
655 1929 761 1954 sacer
780 1917 886 1967 ignis
906 1918 1056 1956 edebat.
