1475 2712
96 161 160 213 11.]
642 171 763 198 usn.
1212 157 1263 195 41

91 268 142 306 Et
161 281 225 305 seu
243 268 462 314 vomeribus,
482 281 546 305 seu
563 272 607 305 tu
624 267 818 316 pulsabere
835 267 974 314 rastris,

144 322 324 367 Clamato,
346 322 453 359 Meus
471 327 527 358 est
544 320 604 358 hic
621 333 721 369 ager,
736 320 799 358 ille
817 325 916 359 tuus.

91 374 162 412 Est
179 376 249 421 via,
271 387 352 423 quce
372 374 550 424 populum
569 374 778 412 Laurentes
796 374 900 412 ducit
917 374 957 411 in
976 386 1095 424 agros,

143 428 344 474 Quondam
364 428 557 465 Dardanio
576 440 693 476 regna
717 428 835 477 petita
849 428 947 465 duci.
1179 426 1257 466 680

90 481 179 519 Illac
197 482 355 531 lanigeri
374 482 514 530 pecoris
533 481 616 526 tibi,
637 481 823 527 Termine,
842 481 944 518 fibris

141 535 253 572 Sacra
272 535 373 573 videt
385 535 464 571 fieri
484 539 610 572 sextus
628 534 676 571 ad
697 534 800 572 Urbe
818 534 924 583 lapis.

83 587 269 626 Gentibus
289 593 344 626 est
363 588 442 625 aliis
461 588 572 626 tellus
592 588 680 625 data
693 588 811 625 limite
830 592 932 625 certo
952 601 961 631 ;

137 642 318 680 Romanae
337 641 497 691 spatium
509 645 565 679 est
586 641 699 679 Urbis
718 648 756 680 et
775 641 874 678 orbis
886 641 996 678 idem.

85 749 120 786 N
124 761 196 786 unc
214 749 373 787 dicenda
393 749 484 786 mihi
499 748 618 798 Regis
634 748 735 797 fuga.
793 747 926 786 Traxit
945 749 992 786 ab
1010 748 1073 785 illa
1179 747 1255 786 685

136 802 269 840 Sextus
289 803 336 840 ab
360 808 526 841 extremo
544 802 695 839 nomina
712 814 838 839 mense
857 802 946 839 dies.

90 856 234 893 Ultima
253 856 476 905 Tarquinius
489 856 670 893 Romanae
690 855 814 905 gentis
832 855 994 893 Habebat

141 910 288 958 Regna,
311 910 367 946 vir
386 910 560 959 injustus,
580 909 686 947 fortis
702 909 750 946 ad
768 921 869 946 arma
883 914 1023 947 tamen.

89 963 250 1012 Ceperat
267 963 328 1000 hic
347 963 446 1009 alias,
468 963 556 1000 alias
575 967 758 1001 everterat
776 963 885 1000 urbes
903 976 912 1007 ;

136 1015 187 1054 Et
207 1016 347 1054 Gabios
365 1017 465 1066 turpi
480 1017 617 1055 fecerat
636 1020 716 1054 arte
734 1029 830 1053 suos.
1172 1016 1247 1055 690

85 1069 258 1118 Namque
275 1070 389 1107 trium
407 1070 590 1115 minimus,
611 1070 732 1120 proles
746 1069 940 1108 manifesta
960 1070 1130 1119 Superbi,

138 1122 183 1159 In
201 1123 342 1160 medios
361 1123 484 1161 hostes
503 1129 614 1161 nocte
633 1124 764 1161 silente
783 1123 897 1161 venit.

84 1175 283 1214 Nudarant
301 1176 468 1225 gladios:
499 1176 682 1222 Occiditc,
705 1177 813 1222 dixit,
833 1177 1024 1214 inermem.

137 1229 224 1267 Hoc
238 1230 391 1279 cupiant
409 1230 553 1274 fratres,
576 1230 873 1278 Tarquiniusque
890 1235 996 1279 pater
1016 1245 1024 1275 ;

82 1283 158 1328 Qui
176 1295 258 1321 mea
276 1283 416 1320 crudeli
434 1283 609 1321 laceravit
627 1284 780 1320 verbere
798 1288 922 1332 terga.
1175 1284 1250 1323 695

137 1336 274 1374 Dicere
293 1344 336 1375 ut
354 1337 424 1374 hoc
443 1341 580 1386 posset,
595 1337 749 1374 verbera
767 1349 895 1386 passus
915 1342 1005 1375 erat.

83 1389 190 1427 Luna
208 1390 292 1428 fuit.
348 1390 526 1439 Spectant
535 1390 723 1439 juvenem,
744 1391 962 1439 gladiosque
979 1390 1187 1429 recondunt
1203 1405 1211 1429 ε

137 1443 346 1493 Tergaque,
367 1444 529 1481 deducta
543 1449 656 1490 veste,
678 1449 807 1482 notata
821 1444 962 1482 vident.

84 1496 114 1534 F
116 1496 196 1535 lent
214 1508 370 1546 quoque,
392 1503 429 1535 et
449 1502 491 1535 ut
510 1510 633 1535 secum
652 1502 804 1535 tueatur
821 1498 929 1543 bella,
949 1503 1162 1547 precantur.

138 1550 304 1588 Callidus
322 1551 462 1599 ignaris
477 1551 609 1588 annuit
627 1551 690 1588 ille
710 1551 809 1588 viris.
1175 1551 1250 1590 700

82 1603 244 1653 Jamque
261 1609 404 1653 potens,
423 1605 533 1642 misso
551 1605 759 1653 genitorem
773 1605 935 1654 appellat
948 1605 1076 1651 amieo,

135 1657 326 1695 Prodendi
345 1658 483 1695 Gabios
498 1658 598 1706 quod
618 1658 687 1695 sibi
706 1663 887 1696 monstret
905 1659 989 1696 iter.

81 1710 228 1749 Hortus
247 1711 410 1749 odoratis
430 1712 579 1749 suberat
598 1712 820 1749 cultissimus
839 1712 974 1757 herbis,

137 1764 267 1803 Sectus
285 1765 438 1802 humum
457 1766 536 1802 rivo
554 1765 637 1802 lene
656 1766 822 1803 sonantis
841 1778 958 1814 aquae·

82 1816 163 1855 Illic
184 1818 405 1867 Tarquinius
423 1819 598 1857 mandata
616 1819 772 1857 latentia
790 1819 869 1857 nati
1176 1818 1249 1858 705

135 1871 292 1921 Accipit,
313 1877 351 1910 et
370 1872 474 1920 virga
491 1872 567 1909 lilia
588 1885 730 1909 summa
748 1873 866 1911 metit.

84 1924 249 1963 Nuntius
268 1930 309 1963 ut
327 1926 449 1970 rediit,
470 1926 699 1975 decussaque
717 1926 794 1963 lilia
813 1926 932 1970 dixit;

136 1978 262 2024 Filius,
284 1979 460 2027 Agnosco
474 1979 580 2028 jussa
598 1980 773 2029 parentis,
791 1980 856 2018 ait.

83 2031 163 2069 Nec
180 2044 282 2069 mora
298 2045 307 2076 3
336 2032 564 2081 principibus
583 2034 685 2070 caesis
704 2046 750 2070 ex
768 2034 860 2071 urbe
880 2033 1039 2080 Gabina,

134 2085 352 2123 Traduntur
370 2086 526 2123 ducibus
544 2087 677 2123 moenia
695 2087 797 2124 nuda
816 2087 901 2124 suis.
1168 2086 1245 2125 710

84 2137 182 2175 Ecce
204 2137 322 2189 (nefas
341 2138 437 2190 visu)
458 2139 588 2176 mediis
607 2140 785 2177 altaribus
804 2141 935 2189 anguis

138 2191 240 2237 Exit,
259 2198 297 2230 et
316 2192 508 2230 exstinctis
526 2193 676 2241 ignibus
695 2199 781 2231 exta
799 2195 908 2243 rapit.

81 2244 301 2284 Consulitur
322 2245 495 2283 Phoebus.
552 2247 639 2284 Sors
658 2252 714 2284 est
731 2247 783 2285 ita
802 2248 949 2286 reddita
968 2259 977 2284 ι
994 2247 1107 2286 Matri

134 2298 210 2344 Qui
227 2299 373 2337 dederit
392 2300 560 2349 princeps
576 2300 710 2345 oscula,
727 2301 845 2338 victor
864 2301 945 2339 erit.

81 2350 220 2390 Oscula
238 2353 390 2402 quisque
409 2365 484 2390 suae
503 2354 613 2391 matri
629 2360 827 2403 properata
845 2355 1024 2401 tulerunt,
1168 2354 1242 2394 715

129 2406 218 2444 Non
235 2407 424 2445 intellecto
443 2407 594 2446 credula
612 2408 722 2497 tlgrlga
740 2408 821 2446 deo.
