1475 2712
537 194 747 223 camum
766 193 794 220 1.
1218 182 1265 219 21

83 295 191 333 Dant
210 293 302 331 alios
323 293 457 330 Furiae
474 295 583 331 torvo
602 290 815 341 spectacula
835 289 973 334 Marti3

246 346 374 385 Exitio
394 350 450 384 est
468 344 620 383 avidum
639 357 741 382 mare
760 343 886 382 nautis
902 357 911 381 :

83 401 207 440 Mixta
224 412 355 439 senum
374 412 417 437 ac
429 399 614 448 juvenum
628 397 835 435 densantur
854 397 1011 435 funera:
1040 395 1184 435 nullum

244 454 362 492 Saeva
381 456 493 502 caput
512 451 737 501 Proserpina
754 450 863 500 fugit.
1214 448 1266 485 20

84 508 147 546 Me
166 519 325 556 quoque,
347 505 482 543 devexi
498 505 650 554 rapidus
669 517 792 542 comes
813 504 976 551 Orionis,

248 559 406 611 Illyricis
425 558 550 596 Notus
565 556 694 596 'obruit
713 558 838 595 undis.

83 614 138 653 At
156 618 200 653 tu
218 620 345 658 nauta,
365 624 482 661 vagae
501 624 549 649 ne
563 624 672 661 parce
692 611 878 660 malignus
898 623 1033 649 arenae

246 666 456 705 Ossibus'et
473 665 587 715 capiti
606 664 802 703 inhumato

85 720 311 760 particulam
330 720 433 757 dare.
466 718 539 765 Sic,
559 719 824 768 quodcumque
839 717 1043 756 minabitur
1064 718 1187 756 Eurus
1216 718 1266 756 25

244 774 437 811 Fluctibus
456 771 659 822 Hesperiis,
680 771 896 809 Venusinae

85 827 306 866 plectantur
324 826 449 873 silvae,
469 830 509 864 te
528 826 692 874 sospite3
722 825 915 874 multaque
933 838 1086 871 merces,

243 879 355 918 Unde
373 884 509 930 potest,
529 879 599 918 tibi
614 879 755 917 defluat
775 891 894 928 aequo

84 934 146 972 Ab
165 933 274 979 Jove,
291 934 561 983 Neptunoque,
582 933 677 970 sacri
696 932 852 971 custode
868 932 1040 971 Tarenti.

245 988 283 1024 N
286 987 420 1036 effhgls
438 986 637 1024 immeritis
656 986 866 1024 nocituram
1216 987 1268 1023 30

87 1041 293 1080 Postmodo
311 1046 351 1079 te
370 1040 468 1078 natis
486 1039 657 1077 fraudem
676 1039 937 1078 committere?
963 1040 1039 1077 fors
1054 1044 1092 1077 et

241 1094 385 1132 Debita
398 1093 488 1143 jura
507 1093 682 1142 vicesque
700 1093 883 1143 superbae

87 1147 143 1186 ΤΘ
163 1154 341 1186 maneant
358 1147 494 1196 ipsum·
552 1146 732 1184 Precibus
750 1159 828 1183 non
855 1147 1001 1194 ]inquar
1019 1147 1160 1191 inultis,

246 1201 376 1249 Teque
394 1199 541 1250 piacula
559 1200 664 1237 nulla
682 1200 885 1238 resolvent.

86 1255 322 1304 Quamquam
342 1254 508 1299 festinas,
529 1265 608 1290 non
627 1257 684 1291 est
699 1266 803 1291 mora
820 1253 935 1303 longa
953 1267 963 1299 ;
991 1253 1131 1299 licebit,
1219 1253 1271 1290 35

247 1307 391 1358 Injecto
410 1311 469 1346 ter
487 1307 652 1356 pulvere,
672 1319 814 1345 curras.

403 1385 491 1424 ODE
512 1384 782 1423 XXIX-Ad
797 1385 946 1426 Iccium.

193 1465 287 1510 1001,
306 1465 426 1503 beatis
445 1476 548 1502 nunc
567 1464 738 1502 Arabum
755 1464 902 1503 invides

192 1518 318 1565 Gazis,
338 1524 376 1556 et
394 1531 516 1556 acrem
536 1518 710 1556 militiam
727 1530 837 1567 paras

238 1571 331 1609 Non
352 1576 442 1610 ante
460 1571 618 1610 devictis
639 1572 804 1609 Sabaeae

300 1625 483 1674 Regibus,
499 1625 743 1673 horribilique
762 1625 878 1663 Medo

189 1678 321 1717 Nectis
341 1683 504 1716 catenas.
563 1679 671 1724 Quae
688 1678 759 1716 tibi
777 1679 973 1727 virginum,

192 1732 339 1782 Sponso
357 1737 504 1777 necato,
525 1732 685 1769 barbara
704 1732 841 1770 serviet
855 1732 874 1770 Ρ

248 1785 347 1823 Puer
365 1785 447 1833 quis
466 1797 511 1822 ex
530 1785 615 1822 aula
633 1785 776 1834 capillis
892 1784 895 1789 “

297 1839 362 1876 Ad
381 1838 560 1889 cyathum
579 1842 767 1876 statuetur
786 1839 922 1886 unctis,

193 1891 342 1930 Doctus
357 1892 513 1942 sagittas
531 1892 689 1930 tendere
709 1891 853 1930 Sericas

190 1946 296 1983 Arcu
313 1950 472 1995 paterno
485 1945 505 1982 Ρ
562 1945 659 1990 Quis
677 1950 792 1995 neget
809 1945 950 1997 arduis'⁴
1220 1946 1272 1983 10

241 1998 387 2037 Pronos
405 1999 522 2036 relabi
541 2011 649 2048 posse
666 1999 766 2036 rivos

304 2052 511 2098 Montibus,
533 2057 571 2090 et
591 2052 758 2089 Tiberim
775 2053 935 2098 reverti3

193 2107 292 2143 Cum
308 2108 364 2151 tu,
386 2109 553 2143 coemtos
571 2105 750 2154 undique,
770 2106 915 2144 nobiles

187 2159 327 2197 Libros
347 2158 513 2203 Panaeti,
537 2158 766 2197 Socraticam
787 2165 826 2198 et
849 2159 1015 2206 domum,

248 2212 401 2250 Mutare
419 2211 543 2249 loricis
563 2211 694 2258 Iberis,
1223 2215 1272 2252 15

300 2264 494 2304 Pollicitus
512 2265 680 2312 meliora,
699 2265 824 2304 tendis
843 2265 864 2304 Ρ

400 2343 490 2382 ODE
510 2343 760 2382 XXX—Ad
782 2343 970 2384 Venerem.

197 2425 233 2462 O
255 2423 406 2471 Venus,
427 2423 559 2475 regina
580 2424 700 2463 Gnidi
719 2423 924 2476 Paphique,

1246 1678 1269 1714 Qv
