1414 2666
89 254 142 290 44
386 250 431 288 P.
464 248 712 288 VIRGILII
743 247 1003 287 MARONIS
1174 246 1286 299 [Lm.

145 359 262 397 Disce
281 365 318 396 et
338 358 535 395 odoratam
555 357 718 394 stabulis
737 357 946 394 accendere
965 355 1136 402 cedrum,

91 413 370 460 Galbaneoque
390 411 539 460 agitare
558 424 697 458 graves
717 410 852 447 nidore
871 409 1085 458 chelydros.
1208 404 1286 446 415

92 470 204 514 ‘cs'aepe
225 467 295 503 sub
315 465 486 502 immotis
507 465 739 513 praesepibus
758 470 825 500 aut
845 464 944 500 mala
961 469 1070 500 tactu

87 519 236 568 Vipera
255 519 423 563 delituit,
443 518 658 566 coelumque
678 518 866 555 exterrita
886 517 1005 566 sugit3

87 575 173 610 Aut
190 580 292 610 tecto
312 573 494 609 adsuetus
513 572 669 608 coluber
689 571 893 608 succedere
912 577 951 607 et
972 570 1130 614 umbrae‚

87 626 215 664 Pestis
235 627 373 663 acerba
392 627 521 669 boum,
541 625 746 674 pecorique
766 625 997 672 adspergere
1018 623 1138 668 virus,

88 680 206 717 Fovit
234 681 410 716 humum.
469 678 576 727 Cape
596 691 690 715 saxa
710 691 838 722 manu,
860 689 953 726 cape
972 678 1122 723 robora,
1141 682 1287 726 pastor,

90 734 125 770 T
127 734 386 781 ollentemque
407 732 530 770 minas
549 739 586 769 et
608 731 720 768 sibila
739 731 839 769 colla
855 736 1068 767 tumentem
1208 731 1284 768 421

87 787 239 835 Dejice:
254 786 414 835 jamque
433 786 527 834 fuga
547 785 727 822 timidum
746 791 863 833 caput
881 784 1030 821 abdidit
1049 784 1136 830 alte,

89 839 219 886 Quum
241 841 356 877 medii
375 852 500 876 nexus
518 845 779 886 extremaeque
798 837 954 886 agmina
973 838 1104 874 caudae

91 894 316 938 Solvuntur,
339 893 545 941 tardosque
565 892 684 928 trahit
703 892 812 936 sinus
833 891 992 927 ultimus
1011 892 1135 928 orbes.

87 948 161 985 Est
180 948 296 985 etiam
316 947 381 983 ille
401 946 524 983 malus
545 945 721 983 Calabris
742 945 782 980 in
803 944 966 982 saltibus
985 945 1135 993 anguis,
1209 943 1287 981 425

89 999 280 1050 Squamea
299 999 535 1037 convolvens
555 999 707 1036 sublato
727 1004 881 1047 pectore
899 1004 1010 1046 terga

87 1053 222 1103 Atque
242 1054 346 1091 notis
364 1054 521 1102 longam
540 1052 757 1090 maculosus
777 1052 991 1101 grandibus
1009 1051 1156 1088 alvum:

90 1107 179 1154 Qui,
201 1109 292 1145 dum
313 1120 446 1144 amnes
467 1106 535 1143 ulli
554 1112 790 1154 rumpuntur
808 1105 1054 1150 fontibus,et
1074 1105 1166 1142 dum

87 1161 193 1200 Vere
213 1162 370 1198 madent
391 1161 466 1197 udo
485 1167 598 1197 terrae
619 1172 662 1197 ac
678 1159 914 1208 pluvialibus
933 1159 1086 1204 austri53

89 1213 234 1265 Stagna
253 1215 357 1260 colit,
379 1214 551 1263 ripisque
571 1213 761 1256 habitans,
783 1213 847 1250 hic
866 1213 1038 1262 piscibus
1057 1218 1180 1250 atram
1208 1213 1290 1249 430

88 1269 295 1317 Improbus
315 1267 532 1317 ingluviem
551 1267 733 1314 ranisque
751 1266 978 1314 loquacibus
999 1265 1148 1314 explet3

87 1323 300 1371 Postquam
319 1327 459 1358 exusta
480 1321 588 1368 palus
608 1327 798 1368 terraeque
818 1320 954 1357 ardore
976 1320 1192 1364 dehiscunt,

88 1376 236 1412 Exsilit
250 1376 291 1412 in
312 1376 470 1419 siccum,
489 1381 527 1411 et
548 1373 786 1410 flammantia
805 1374 951 1410 lumina
970 1380 1154 1422 torquens

89 1428 207 1466 Saevit
226 1429 330 1478 agris
350 1440 538 1477 asperque
558 1427 622 1464 siti
644 1436 760 1475 atque
783 1427 997 1464 exterritus
1016 1432 1125 1464 aestu.

86 1483 150 1520 Ne
169 1483 264 1519 mihi
285 1489 367 1519 tum
388 1482 521 1518 molles
541 1482 612 1518 sub
633 1481 724 1517 divo
743 1492 902 1529 carpere
921 1493 1086 1525 somnos,
1204 1480 1283 1516 435

86 1537 175 1574 Neu
197 1537 311 1573 dorso
331 1535 498 1573 nemoris
519 1535 636 1572 libeat
653 1534 822 1582 jacuisse
842 1547 910 1582 per
929 1535 1085 1572 herbas:

87 1589 187 1627 Cum
208 1590 342 1639 positis
363 1601 487 1625 novus
507 1588 663 1625 exuviis
683 1588 906 1636 nitidusque
920 1587 1088 1635 juventa

84 1644 282 1689 Volvitur,
305 1650 372 1680 aut
391 1642 538 1680 catulos
559 1642 669 1678 tectis
690 1647 758 1678 aut
777 1654 850 1678 ova
869 1642 1104 1690 relinquens,

87 1698 248 1735 Arduus
269 1698 318 1734 ad
337 1697 468 1740 solem,
489 1702 526 1733 et
546 1695 691 1744 linguis
710 1695 826 1732 micat
845 1708 911 1732 ore
930 1695 1114 1732 trisulcis.

143 1752 371 1788 Morborum
391 1762 545 1799 quoque
565 1758 604 1786 te
624 1761 758 1786 causas
777 1755 816 1786 et
837 1749 947 1798 signa
967 1749 1124 1785 docebo.
1207 1749 1288 1784 440

87 1804 231 1853 Turpis
252 1817 344 1841 oves
364 1810 488 1841 tentat
508 1803 667 1846 scabies,
690 1803 757 1838 ubi
777 1802 944 1850 frigidus
963 1802 1087 1838 imber

84 1859 220 1895 Altius
239 1858 288 1895 ad
309 1858 442 1893 vivum
464 1856 635 1905 persedit
654 1862 693 1892 et
713 1856 869 1892 horrida
888 1868 984 1893 cano

83 1911 233 1949 Bruma
252 1911 367 1960 gelu3
391 1910 452 1946 vel
471 1922 559 1946 cum
578 1909 700 1945 tonsis
720 1909 850 1946 illotus
870 1909 1032 1946 adhaesit

88 1966 226 2010 Sudor,
248 1972 287 2002 et
306 1964 448 2001 hirsuti
469 1969 675 2000 secuerunt
694 1974 855 2011 corpora
877 1975 1023 2012 vepres,

85 2019 276 2056 Dulcibus
296 2018 440 2055 idcirco
459 2016 592 2053 fluviis
614 2028 730 2064 pecus
750 2028 862 2053 omne
882 2016 1056 2065 magistri
1205 2016 1283 2052 445

83 2072 344 2117 Perfundunt,
366 2071 529 2118 udisque
549 2070 648 2107 aries
666 2070 706 2106 in
726 2073 883 2118 gurgite
902 2070 1009 2107 villis

85 2127 295 2171 Μενδαῖον,
315 2125 532 2173 missusque
551 2123 720 2160 secundo
739 2123 875 2160 defluit
896 2125 1017 2167 amni3

83 2180 170 2217 Aut
189 2186 345 2217 tonsum
364 2178 467 2215 tristi
487 2177 721 2226 contingunt
741 2189 880 2225 corpus
901 2189 1069 2222 amurca,
1121 2170 1135 2182 ⁹

84 2233 137 2269 Et
157 2245 313 2282 spumas
332 2233 495 2269 miscent
515 2231 667 2278 argenti
688 2237 726 2267 et
746 2230 896 2268 sulfura
916 2231 1009 2268 viva
1050 2255 1055 2259 .

83 2287 283 2334 Idaeasque
303 2286 408 2335 pices
428 2291 467 2322 et
486 2285 650 2334 pingues
671 2284 844 2333 unguine
863 2296 982 2329 ceras,
1204 2283 1284 2320 450

85 2340 319 2388 Scillamque
339 2340 603 2386 elleborosque
622 2350 762 2387 graves
782 2338 1014 2386 nigrumque
1033 2337 1224 2374 bitumen-

82 2394 172 2430 Non
195 2400 324 2430 tamen
345 2392 421 2429 ulla
441 2393 565 2441 magis
587 2403 755 2439 praesens
774 2391 929 2428 fortuna
949 2391 1122 2428 laborum
1143 2396 1218 2435 est,

83 2446 210 2492 Quam
230 2448 262 2484 si
282 2446 368 2495 quis
388 2445 491 2482 ferro
513 2445 638 2493 potuit
658 2445 875 2482 rescindere
897 2456 1090 2482 summum

82 2501 237 2538 Ulceris
258 2513 312 2537 os.
372 2499 506 2536 Alitur
526 2499 666 2535 vitium
688 2498 866 2546 vivitque
883 2497 1059 2546 tegendo,
