1414 2666
113 199 164 235 22
416 197 461 234 P.
492 195 740 234 VIRGILII
772 195 1033 236 MARONIS
1197 195 1309 248 [Lm.

112 303 207 341 Fert
227 304 411 347 ebenum;
431 304 521 341 solis
542 310 599 341 est
619 310 727 341 turea
751 304 860 353 virga
883 304 1040 342 Sabaeis.

114 356 220 403 Quid
239 357 310 394 tibi
331 358 489 394 odorato
509 357 672 394 referam
693 359 873 394 sudantia
891 358 999 407 ligno

111 411 368 458 Balsamaque
388 419 426 447 et
445 412 579 448 baccas
599 424 749 460 semper
767 411 983 448 frondentis
1003 409 1186 448 acanthi?

115 463 220 509 Quid
240 477 398 501 nemora
417 464 663 513 AEthiopum‚
685 465 791 501 molli
812 465 990 501 canentia
1009 465 1108 508 lana,
1238 464 1312 500 120

113 518 348 565 Velleraque
369 524 411 554 ut
431 517 533 555 foliis
553 519 758 565 depectant
776 519 909 555 tenuia
931 517 1074 555 Seres?

113 572 200 607 Aut
220 583 317 619 quos
338 570 493 609 Oceano
514 572 670 620 propior
689 572 791 619 gerit
813 572 924 608 India
943 571 1065 616 lucos,

113 624 292 661 Extremi
314 626 420 661 sinus
440 626 554 662 orbis⁴
577 625 642 661 ubi
664 632 754 662 ae'ra
772 625 929 662 vincere
948 637 1140 661 summum

117 678 285 715 Arboris
305 678 408 714 haud
429 678 515 714 ullae
532 677 641 726 jactu
663 686 823 726 potuere
843 679 994 725 sagittae
1015 677 1086 714 ?—

116 731 170 767 Et
190 745 285 780 gens
304 732 371 768 illa
391 732 545 778 quidem
568 733 705 768 sumtis
724 745 800 768 non
820 733 931 768 tarda
950 730 1215 779 pharetris.—
1239 731 1312 767 125

117 785 250 822 Media
268 785 345 822 fert
365 786 495 822 tristes
515 798 647 822 succos
667 786 896 834 tardumque
916 796 1092 832 saporem

115 838 260 875 Felicis
284 839 393 881 mali3
413 850 489 885 quo
508 851 585 875 non
606 839 835 887 praesentius
856 838 991 881 ullum,

116 892 265 929 Pocula
285 892 317 928 si
339 892 493 938 quando
514 904 629 928 saevae
648 892 819 928 infecere
838 903 1030 936 novercae,

121 946 443 992 Miscueruntque
463 946 603 981 herbas
623 951 661 981 et
680 958 756 981 non
777 945 939 981 innoxia
959 945 1088 988 verba,

118 999 328 1035 Auxilium
348 998 470 1043 venit,
491 1011 534 1035 ac
553 999 736 1035 membris
755 998 836 1047 agit
857 1005 940 1035 atra
959 1009 1120 1034 venena.
1241 999 1316 1034 130

119 1052 211 1101 Ipsa
231 1053 371 1100 ingens
390 1053 502 1088 arbos
521 1052 736 1099 faciemque
757 1052 952 1088 simillima
975 1051 1102 1093 lauro;

121 1105 187 1151 Et,
207 1106 240 1142 si
260 1118 336 1141 non
357 1106 475 1142 alium
496 1106 572 1142 late
588 1104 755 1153 jactaret
775 1106 940 1150 odorem,

120 1159 274 1195 Laurus
294 1166 392 1201 erat3
412 1159 504 1195 folia
525 1160 628 1195 haud
651 1159 738 1196 ullis
757 1159 927 1195 labentia
945 1159 1090 1202 ventis3

122 1212 215 1249 Flos
235 1213 282 1249 ad
303 1213 427 1261 prima
445 1219 582 1254 tenax;
602 1213 749 1249 animas
769 1220 806 1248 et
826 1212 968 1249 olentia
989 1213 1096 1249 Medi

123 1264 201 1302 Ora
222 1266 357 1302 fovent
376 1266 453 1310 illo,
475 1272 513 1302 et
534 1266 691 1302 senibus
712 1266 952 1302 medicantur
967 1266 1128 1303 anhelis.
1244 1266 1316 1302 135

179 1319 255 1357 Sed
275 1332 398 1366 neque
420 1318 623 1356 Medorum
644 1320 752 1355 silvae
772 1319 961 1356 ditissima
985 1326 1102 1364 terra,

123 1373 208 1410 Nec
229 1373 391 1421 pulcher
412 1372 571 1421 Ganges
590 1379 703 1420 atque
723 1385 817 1409 auro
837 1373 1018 1410 turbidus
1040 1372 1211 1409 Hermus

122 1426 322 1464 Laudibus
343 1427 465 1463 Italiae
486 1433 634 1463 certent
656 1441 666 1470 3
687 1439 762 1463 non
784 1424 935 1472 Bactra,
955 1437 1081 1473 neque
1102 1426 1202 1470 Indi,

126 1480 300 1527 Totaque
321 1480 496 1517 turiferis
518 1480 713 1517 Panchaia
733 1479 892 1528 pinguis
910 1480 1052 1517 arenis.

126 1532 221 1570 Haec
241 1534 324 1570 loca
343 1546 419 1570 non
440 1534 541 1570 tauri
563 1534 753 1582 spirantes
775 1533 933 1569 naribus
952 1533 1082 1581 ignem
1250 1533 1324 1569 ¹40

125 1587 330 1624 Inverterc
350 1587 442 1624 satis
462 1587 642 1624 immanis
662 1587 842 1623 dentibus
863 1587 987 1635 hydri,

124 1641 210 1678 Nec
229 1641 350 1689 galeis
370 1641 575 1688 densisque
595 1641 721 1676 virum
745 1653 853 1689 seges
873 1640 1026 1677 horruit
1045 1639 1165 1677 hastis
1187 1654 1197 1683 ;

129 1694 204 1731 Sed
224 1695 398 1743 gravidae
415 1694 548 1743 fruges
570 1700 608 1730 et
630 1694 772 1731 Bacchi
794 1694 984 1731 Massicus
1003 1694 1142 1730 humor

125 1748 344 1797 Implevere
362 1762 371 1791 3
390 1754 524 1784 tenent
543 1748 634 1784 olere
655 1754 903 1795 armentaque
924 1748 1022 1784 laeta.

129 1802 233 1838 Hinc
253 1801 415 1837 bellator
434 1813 554 1848 equus
574 1814 708 1849 campo
727 1814 808 1838 sese
824 1801 967 1837 arduus
988 1800 1106 1837 infert
1125 1815 1135 1843 ;
1251 1800 1323 1836 145

129 1855 235 1891 Hinc
254 1854 343 1898 albi,
367 1854 579 1896 Clitumne5
598 1867 748 1902 greges,
769 1861 808 1891 et
828 1867 1010 1890 maxuma
1029 1860 1165 1890 taurus

128 1908 314 1952 Victima,
335 1920 436 1956 saepe
456 1916 523 1944 tuo
543 1908 688 1955 perfusi
710 1908 869 1944 flumine
890 1920 1011 1951 sacro,

128 1962 326 1998 Romanos
347 1962 393 1997 ad
414 1961 556 2010 templa
577 1962 689 1998 deum
712 1962 860 1997 duxere
880 1961 1111 2009 triumphos.

129 2013 206 2052 Hic
226 2028 293 2051 ver
313 2015 508 2051 assiduum
529 2020 644 2062 atque
664 2015 801 2051 alienis
821 2015 1016 2051 mensibus
1037 2020 1150 2051 aestas
1171 2027 1180 2056 3

129 2068 195 2105 Bis
215 2069 388 2116 gravidae
408 2069 582 2116 pecudes,
604 2069 663 2104 bis
684 2068 806 2116 pomis
827 2068 933 2104 utilis
960 2069 1086 2105 arbos.
1253 2067 1328 2102 150

131 2124 187 2158 At
207 2122 353 2158 rabidae
374 2123 492 2170 tigres
512 2123 651 2158 absunt
672 2128 709 2158 et
730 2134 832 2158 saeva
851 2121 1004 2158 leonum

132 2173 286 2212 Semina
308 2190 316 2212 ε
336 2188 407 2212 nec
427 2176 586 2212 miseros
606 2175 746 2212 fallunt
766 2175 917 2212 aconita
935 2175 1109 2222 legentes
1129 2188 1139 2217 ;

129 2228 215 2265 Nec
235 2229 336 2276 rapit
356 2229 561 2265 immensos
581 2230 692 2265 orbes
713 2242 781 2277 per
801 2229 972 2273 humum,
995 2240 1117 2275 neque
1137 2233 1245 2264 tanto

133 2282 348 2330 Squameus
369 2284 408 2318 in
429 2284 571 2330 spiram
593 2289 716 2319 tractu
739 2295 778 2319 se
798 2282 946 2328 colligit
966 2281 1117 2329 anguis.

131 2336 246 2372 Adde
268 2342 323 2371 tot
345 2337 521 2384 egregias
542 2337 654 2372 urbes
675 2348 910 2384 operumque
930 2336 1110 2377 laborem,
1253 2334 1326 2369 155

132 2388 210 2425 Tot
229 2398 410 2435 congesta
432 2403 543 2425 manu
567 2390 772 2438 praeruptis
792 2389 930 2437 oppida
951 2389 1066 2430 saxis,

134 2441 391 2490 Fluminaque
413 2444 589 2489 antiquos
611 2442 914 2479 subterlabentia
935 2454 1077 2477 muros.
