1414 2666
110 200 160 237 52
408 199 452 237 P.
487 199 733 239 VIRGILII
762 200 1026 240 MARONIS
1189 201 1299 254 [Lm.
1342 239 1346 244 ,

106 306 148 343 N
150 318 192 343 ec
212 306 338 355 pecori
359 313 574 356 opportuna
593 320 712 357 segeS,
734 321 804 346 nec
823 309 1021 346 commoda
1040 309 1206 347 Baccho.

107 360 187 397 Hic
206 373 337 397 rarum
357 368 484 397 tamen
504 362 544 397 in
564 362 689 398 dumis
709 363 792 399 olus
811 363 974 411 albaque
993 364 1139 400 circum
1224 365 1300 401 130

104 412 207 451 Lilia
227 416 490 462 verbenasque
509 427 686 464 premens
705 429 938 464 vescumque
957 429 1136 465 papaver,

104 467 256 516 Regum
277 469 454 515 aequabat
473 481 563 517 opes
582 469 721 514 animo,
742 482 903 518 seraque
922 476 1121 507 revertens

103 518 228 558 Nocte
243 521 396 557 domum
417 521 581 571 dapibus
600 535 750 560 mensas
769 524 952 561 onerabat
969 524 1137 560 inemtis.

103 574 260 611 Primus
282 588 371 612 vere
390 587 514 612 rosam
534 583 649 624 atque
669 583 875 614 auctumno
889 589 1046 625 carpere
1064 589 1188 626 poma,

104 627 158 664 Et
176 640 265 664 eum
285 629 408 666 tristis
428 630 551 666 hiems
570 631 778 667 etiamnum
799 630 943 680 frigore
964 643 1057 667 saxa
1222 631 1295 667 135

103 681 330 729 Rumperet‚
352 688 390 719 et
408 683 531 732 glacie
552 696 686 720 cursus
706 683 876 721 frenaret
896 697 1095 732 aquarum,

103 734 177 772 Ille
196 748 343 772 comam
364 737 487 773 mollis
501 736 583 785 jam
605 738 787 774 tondebat
806 738 1018 786 hyacinthi,

104 788 299 825 AEstatem
320 789 556 838 increpitans
576 803 701 827 seram
722 791 998 839 Zephyrosque
1017 796 1222 827 morantes.

102 841 210 890 Ergo
230 842 367 890 apibus
386 842 476 880 fetis
494 843 596 880 idem
616 849 731 892 atque
751 845 929 880 examine
949 844 1071 880 multo

101 893 259 931 Primus
279 897 487 941 abundare,
510 904 549 933 et
569 897 787 944 spumentia
806 899 944 945 cogere
963 897 1106 945 pressis
1221 897 1294 934 140

103 947 223 985 Mella
244 948 361 992 savis3
391 950 447 985 illi
467 950 561 986 tiliae
583 956 697 998 atque
718 951 910 987 uberrima
929 951 1061 999 pinus;

104 1000 287 1050 Quotque
305 1003 345 1039 in
365 1003 459 1040 flore
479 1016 581 1040 novo
601 1004 724 1052 pomis
744 1016 785 1041 se
803 1003 945 1041 fertilis
966 1006 1079 1041 arbos

101 1055 299 1099 Induerat,
321 1057 481 1093 totidem
501 1064 708 1093 auctumno
732 1064 884 1094 matura
903 1058 1070 1094 tenebat.

100 1108 174 1145 Ille
193 1109 311 1146 etiam
331 1122 434 1147 seras
454 1111 495 1146 in
517 1123 668 1147 versum
691 1111 842 1148 distulit
862 1111 985 1147 ulmos

100 1161 349 1211 Eduramque
370 1164 497 1211 pirum
517 1171 556 1201 et
575 1164 705 1213 spinos
718 1163 801 1212 jam
821 1177 946 1213 pruna
963 1164 1142 1208 ferentes,
1217 1165 1290 1201 145

99 1215 269 1264 Jamque
289 1217 572 1255 ministrantem
595 1218 791 1265 platanum
812 1218 1037 1266 potantibus
1056 1218 1223 1254 umbras.

98 1268 250 1306 Verum
270 1271 350 1307 haec
369 1271 452 1319 ipse
472 1271 661 1318 equidem,
684 1271 818 1320 spatiis
838 1271 1018 1308 exclusus
1038 1271 1194 1319 iniquis,

98 1321 306 1368 Praetereo,
327 1330 442 1372 atque
462 1324 548 1361 aliis
568 1331 654 1373 post
673 1337 734 1361 me
754 1326 1000 1361 memoranda
1018 1324 1209 1373 relinquo.

151 1376 270 1413 Nunc
288 1389 370 1425 age,
393 1384 550 1414 naturas
570 1378 706 1426 apibus
726 1391 820 1426 quas
839 1378 999 1426 Jupiter
1018 1379 1101 1426 ipse

97 1429 274 1473 Addidit,
296 1431 510 1479 expediam,
532 1444 602 1479 pro
622 1444 698 1480 qua
717 1432 904 1476 mercede,
925 1443 1084 1468 canoros
1215 1432 1290 1468 150

97 1483 286 1521 Curetum
306 1485 454 1520 sonitus
474 1485 779 1533 crepitantiaque
799 1496 876 1521 aera
894 1491 1047 1530 secutae,

96 1537 247 1574 Dictaeo
266 1538 352 1574 coeli
372 1550 502 1586 regem
523 1551 664 1586 pavere
684 1539 756 1575 sub
777 1544 900 1575 antro.

99 1590 198 1629 Solae
218 1603 440 1628 communes
459 1597 580 1636 natos,
600 1591 793 1629 consortia
812 1598 913 1629 tecta

97 1644 219 1682 Urbis
238 1645 395 1690 habent,
414 1645 641 1694 magnisque
661 1645 809 1692 agitant
829 1647 901 1682 sub
919 1645 1070 1694 legibus
1090 1657 1234 1689 aevum3

95 1698 148 1734 Et
168 1698 333 1747 patriam
353 1698 441 1735 solae
460 1705 499 1735 et
518 1704 642 1736 certos
662 1711 804 1735 novere
824 1699 990 1736 Penates
998 1713 1008 1742 3
1213 1699 1285 1736 155

94 1751 361 1799 Venturaeque
381 1752 518 1788 hiemis
539 1765 725 1789 memores
745 1759 876 1789 aestate
894 1753 1064 1789 laborem

94 1804 377 1852 Experiuntur,
400 1811 438 1841 et
456 1805 496 1841 in
513 1806 681 1842 medium
701 1807 863 1854 quaesita
881 1811 1084 1854 reponunt.

94 1857 274 1906 Namque
295 1858 378 1895 aliae
399 1859 504 1895 victu
524 1859 744 1907 invigilant,
767 1865 804 1895 et
822 1858 966 1895 foedere
985 1866 1097 1907 pacto

93 1912 340 1948 Exercentur
359 1911 486 1958 agris3
515 1924 604 1960 pars
621 1912 722 1948 intra
742 1919 851 1961 septa
869 1912 1069 1949 domorum

93 1965 266 2002 Narcissi
288 1964 486 2001 lacrimam
505 1971 544 2002 et
561 1965 708 2002 lentum
728 1966 775 2002 de
794 1966 935 2002 cortice
954 1966 1089 2014 gluten
1208 1968 1284 2004 160

93 2019 228 2055 Prima
246 2017 347 2055 favis
366 2026 515 2067 ponunt
533 2017 770 2063 fundamina,
792 2019 929 2056 deinde
948 2025 1103 2057 tenaces

91 2072 346 2123 Suspendant
365 2084 487 2114 ceras3
516 2072 600 2108 alite
620 2084 724 2120 spem
743 2073 883 2122 gentis,
904 2072 1054 2110 adultos

91 2120 277 2162 'Educunt
295 2124 414 2168 fetus3
442 2125 525 2162 aliae
548 2126 751 2174 purissima
769 2126 883 2163 mella

95 2179 261 2227 Stipant,
283 2184 321 2215 et
340 2178 488 2227 liquido
507 2179 731 2216 distendunt
750 2185 904 2217 nectare
923 2179 1054 2223 cellas;

95 2231 209 2277 Sunt,
228 2232 369 2279 quibus
388 2232 436 2269 ad
456 2239 586 2281 portas
606 2233 745 2269 cecidit
763 2233 937 2270 custodia
955 2234 1067 2276 sorti3
1206 2235 1278 2272 165

92 2285 219 2334 Inque
239 2285 364 2322 vicem
384 2286 631 2347 speculantur
650 2299 767 2335 aquas
786 2293 825 2324 et
844 2287 977 2323 nubila
996 2287 1100 2330 coeli3

92 2337 177 2375 Aut
196 2350 313 2375 onera
332 2338 528 2388 accipiunt
548 2340 782 2384 venientum,
803 2346 870 2376 aut
888 2340 1041 2388 agmine
1060 2340 1161 2378 facto

90 2391 296 2439 Ignavum,
318 2391 437 2437 fucos,
458 2405 575 2441 pecus
594 2406 616 2430 a
635 2394 870 2442 praesepibus
890 2399 1038 2438 arcent3

92 2444 237 2484 Fervet
256 2457 362 2494 opus,
382 2446 632 2495 redolentque
650 2447 783 2496 thymo
802 2446 1014 2494 fraglantia
1034 2447 1156 2486 mella.
