1414 2666
129 152 175 191 16
581 166 772 194 Anumnos
791 166 818 194 1.

122 264 284 298 Orantes
305 261 459 304 veniam,
480 267 519 299 et
537 262 712 312 templum
732 263 892 300 clamore
909 264 1098 312 petebant.

174 314 371 364 Postquam
392 316 620 364 introgressi,
639 323 677 354 et
695 329 817 354 coram
837 317 927 354 data
945 319 1051 366 eopia
1068 318 1183 364 fandi,

121 367 305 406 Maximus
326 369 485 405 Ilioneus
503 368 648 418 placido
666 370 717 407 sic
736 378 885 419 pectore
899 372 1020 420 coepit
1035 385 1044 410 ε

122 421 155 453 s)
179 422 347 469 Regina!
379 435 512 459 novam
531 424 591 460 cui
610 424 771 460 condere
787 424 937 474 Jupiter
955 427 1097 471 urbem,
1205 425 1281 464 525

119 475 347 526 ,Iustitiaque
365 477 470 515 dedit
487 478 610 524 gentis
629 477 774 514 frenare
792 480 980 527 superbas,

121 528 238 566 Troes
258 537 295 567 te
314 530 446 571 miseri,
469 531 588 568 ventis
608 532 722 568 maria
741 533 864 568 omnia
884 533 991 575 vecti,

121 582 280 620 Oramus
300 597 307 621 :
337 584 490 633 prohibe
508 584 678 621 infandos
697 598 718 621 a
738 585 892 622 navibus
911 586 1008 634 ignis
1026 599 1035 629 ;

123 636 236 673 Parce
256 638 316 685 pio
335 639 474 686 generi,
494 644 531 675 et
546 639 696 687 propius
715 652 771 675 res
790 640 938 688 adspice
957 647 1115 678 nostras.
1207 640 1286 678 530

121 690 205 726 Non
228 703 294 728 nos
314 698 378 728 aut
396 692 493 728 ferro
513 691 674 742 Libycos
693 693 870 742 populare
894 693 1048 731 Penates

122 743 308 788 Venimus,
331 753 395 782 aut
414 755 538 794 raptas
557 747 604 782 ad
623 747 750 783 littora
768 754 910 783 vertere
928 748 1084 796 praedas
1100 760 1108 785 ε

122 798 205 834 Non
227 811 270 835 ea
288 800 341 836 vis
360 800 493 838 animo.
516 812 583 836 nec
601 805 707 837 tanta
724 801 896 848 superbia
915 801 1032 838 victis.

123 852 189 889 Iis-t
210 852 322 892 loeus„
348 853 564 901 Hesperiam
587 853 690 890 Graii
708 854 930 901 cognomine
949 854 1091 897 dieunt,

121 905 236 942 'l‘erra
255 907 417 954 antiqua,
437 915 568 955 potens
587 909 707 949 armis,
729 913 840 955 atque
858 909 972 944 ubere
991 908 1144 956 glebae:
1207 908 1283 946 535

121 959 277 997 Oenotri
298 961 444 996 coluere
464 960 530 996 viri
552 973 560 997 :
591 973 690 997 nune
710 960 817 1005 fama,
839 961 998 998 minores

122 1012 261 1050 ltaliam
282 1014 418 1050 dixisse
437 1014 542 1051 ducis
560 1014 608 1051 de
626 1015 776 1051 nomine
793 1021 956 1064 gentem.

120 1066 207 1103 illuc
228 1080 356 1104 cursus
375 1068 446 1106 fuit
463 1081 470 1105 ε

122 1123 260 1164 Quum,
281 1123 403 1158 subito
423 1134 618 1170 assurgens
640 1122 767 1165 fluctu,
784 1122 974 1159 nimbosus
995 1122 1116 1160 Orion

125 1174 166 1210 ln
187 1176 284 1211 vada
303 1188 410 1212 caeca
429 1176 527 1219 tulit,
549 1176 771 1224 penitusque
788 1177 1004 1224 procacibus
1023 1177 1158 1214 austris
1212 1175 1294 1213 540

124 1228 265 1276 Perque
285 1230 413 1273 undas,
434 1234 631 1278 superante
650 1230 737 1274 salo,
760 1242 897 1278 perque
916 1230 1015 1267 invia
1034 1243 1135 1274 saxa,

125 1282 290 1330 Dispulit
308 1297 315 1320 :
347 1283 419 1319 hue
439 1283 545 1331 pauc-i
565 1284 696 1320 vestris
715 1284 933 1321 adnavimus
953 1284 1042 1321 oris.
1135 1282 1294 1334 [morem

122 1336 233 1378 (Quod
262 1349 381 1384 genus
409 1337 478 1374 hoc
505 1337 708 1381 hominum,
739 1350 879 1385 quaeve
906 1338 1005 1374 hune
1033 1344 1108 1375 tam
1137 1338 1294 1375 barbara

125 1390 309 1427 Permittit
329 1392 446 1440 patria
462 1391 480 1427 ἶ)
509 1391 669 1439 hospitio
688 1391 926 1439 prohibemur
945 1404 1100 1429 arenae:

124 1443 225 1480 bella
246 1445 355 1481 cient.
379 1445 569 1493 primaque
589 1451 718 1481 vetant
738 1445 939 1481 consistere
958 1451 1070 1482 terra.
1212 1445 1291 1482 545

122 1498 158 1532 si
180 1510 297 1541 genus
318 1499 517 1534 humanum
539 1505 576 1534 et
596 1498 765 1535 mortalia
784 1498 948 1535 temnitis
968 1511 1082 1542 arma,

125 1552 175 1588 At
199 1561 346 1600 sperate
366 1553 458 1588 deos
479 1565 656 1590 memores
675 1552 776 1588 fandi
797 1559 907 1599 atque
926 1552 1088 1591 nefandi.

122 1605 207 1641 Hex
227 1612 306 1643 erat
328 1607 474 1643 Aeneas
492 1606 610 1650 nobis,
632 1619 706 1655 quo
719 1607 858 1654 justior
877 1606 971 1643 alter

121 1659 199 1695 Nec
218 1660 357 1708 pietate
376 1660 459 1704 fuit,
481 1672 549 1696 nec
570 1660 666 1696 bello
686 1659 812 1708 major,
835 1668 872 1696 et
891 1659 1002 1696 armis
1019 1671 1028 1695 z

120 1714 238 1756 Quem
262 1714 289 1749 si
311 1714 385 1750 fata
404 1715 521 1750 virum
543 1720 702 1755 servant,
724 1715 753 1750 si
774 1714 934 1750 vescitur
953 1726 1043 1750 aura
1217 1715 1295 1752 550

119 1767 307 1806 Aetheria.
330 1780 449 1816 neque
469 1767 591 1804 adhue
611 1767 824 1803 crudelibus
844 1768 1001 1805 occubat
1020 1767 1160 1804 umbris
1179 1780 1188 1811 ;

119 1821 204 1856 Non
226 1829 355 1866 metus,
378 1821 496 1857 officio
517 1833 563 1856 ne
582 1827 620 1858 te
632 1828 791 1857 certasse
812 1821 970 1869 priorem

118 1874 326 1911 Poeniteat.
385 1877 480 1911 Sunt
499 1879 537 1911 et
558 1873 690 1910 siculis
709 1874 923 1922 regionibus
943 1874 1063 1917 urbes,

119 1927 304 1976 Arvaque,
329 1928 565 1976 Trojanoque
583 1940 605 1964 a
624 1929 806 1975 sanguine
825 1929 945 1964 clarus
965 1929 1132 1966 Acestes.

120 1982 339 2026 Quassatam
354 1982 474 2019 ventis
489 1982 597 2018 liceat
611 1982 818 2018 subducere
835 1982 998 2024 classem,
1216 1982 1291 2019 555

122 2035 170 2072 Et
190 2035 290 2072 silvis
309 2042 436 2084 aptare
456 2036 590 2079 trabes,
611 2042 649 2072 et
664 2036 847 2083 stringere
868 2047 985 2072 remos
1002 2047 1011 2079 ;

120 2089 157 2125 Si
178 2089 289 2126 datur
311 2089 467 2130 Italiam,
489 2089 607 2132 sociis,
629 2094 667 2126 et
687 2101 775 2136 rege
795 2093 955 2137 recepto.

120 2142 304 2187 Tendere,
326 2151 368 2180 ut
390 2143 533 2180 Italiam
554 2142 640 2179 laeti
659 2141 883 2190 Latiumque
903 2147 1096 2191 petamus:

121 2196 186 2232 sin
206 2198 378 2234 absumta
395 2197 504 2240 salus,
526 2204 563 2234 et
581 2201 631 2240 te,
653 2202 759 2245 pater
778 2196 917 2244 optime
933 2195 1131 2242 Teucrum,

124 2250 266 2287 Pontus
282 2250 395 2288 habet
412 2250 564 2300 Libyae,
584 2262 653 2287 nec
672 2262 754 2298 spes
767 2249 846 2298 jam
866 2255 981 2286 restat
1001 2248 1095 2293 Iuli;
1213 2249 1291 2288 560

122 2304 174 2340 At
194 2303 290 2341 freta
310 2304 476 2341 Sicaniae
496 2304 637 2348 saltem,
658 2304 836 2352 sedesque
855 2311 1012 2352 paratas,

127 2356 239 2394 Unde
257 2357 329 2394 hue
347 2358 505 2403 advecti,
525 2370 725 2406 regemque
743 2363 911 2406 petamus
929 2357 1107 2393 Acesten.

124 2410 278 2452 Talibus
299 2411 486 2449 Ilioneus:
516 2416 630 2450 cunct
651 2411 774 2453 isimul
793 2423 858 2451 ore
876 2409 1082 2452 fremebant
