1475 2712
482 188 694 217 cARMmUM
712 189 772 218 1v.

129 286 314 336 Spiritum
333 285 508 324 Phoebus
527 285 630 329 mihi,
653 285 831 323 Phoebus
850 289 970 325 artem

124 339 326 386 Carminis,
346 351 558 388 nomenque
577 338 685 377 dedit
706 343 858 389 poetae.

126 393 332 444 Virginum
346 393 499 443 primae,
520 392 706 442 puerique
726 393 837 431 claris

345 445 521 484 Patribus
535 445 622 490 orti,

130 499 265 538 Deliae
284 499 406 538 tutela
425 498 530 544 deae,
551 498 704 547 fugaces

130 553 280 603 Lyncas
299 557 338 590 et
356 565 485 590 cervos
505 552 715 590 cohibentis
735 564 836 598 arcu,

126 606 306 645 Lesbium
320 609 466 643 servate
484 605 630 655 pedem,
651 606 799 656 meique

338 659 490 696 Pollieis
509 659 626 697 ictum
643 672 652 703 ;

127 713 220 751 Rite
239 712 406 751 Latonae
426 725 582 761 puerum
601 717 789 757 canentes,

127 767 219 804 Rite
238 770 466 804 crescentem
484 765 564 803 face
584 765 836 809 Noctilucam,

128 819 348 869 Prosperam
369 819 532 867 frugum,
553 819 786 868 celeremque
805 831 944 868 pronos

342 872 503 910 Volvere
523 885 680 909 menses.

124 926 343 975 Nuptajam
364 927 486 963 dices:
519 925 603 974 Ego
628 926 685 963 dis
701 926 873 972 amicum,

129 979 288 1018 Saeculo
308 980 420 1017 festas
438 979 625 1017 referente
644 979 757 1024 luces,

129 1033 298 1070 Reddidi
317 1045 478 1078 carmen,
501 1033 632 1070 docilis
652 1033 851 1070 modorum

343 1086 452 1124 Vatis
473 1085 627 1124 Horati.

313 1190 401 1228 ons
420 1190 636 1228 VIL-Ad
657 1191 901 1240 Torquatum.

19 1285 261 1323 DIEFUGERE
281 1283 396 1328 nives,
417 1282 579 1320 redeunt
592 1282 673 1332 jam
693 1283 865 1332 gramina
883 1286 1036 1335 campis,

228 1337 521 1386 Arboribusque
543 1349 676 1373 comae
694 1350 702 1374 :

19 1392 147 1432 Mutat
161 1394 263 1429 terra
281 1390 392 1435 vices,
411 1395 449 1428 et
464 1390 720 1428 decrescentia
739 1391 839 1441 ripas

231 1443 407 1481 Flumina
425 1448 669 1492 praetereunt
692 1457 700 1481 :

18 1499 163 1544 Gratia,
185 1510 269 1535 curn
291 1497 475 1546 Nymphis
494 1497 728 1546 geminisque
748 1499 950 1543 sororibus,
973 1497 1092 1539 audet

236 1551 389 1588 Ducere
406 1550 508 1587 nuda
527 1550 677 1587 choros.

20 1606 250 1645 immortalia
268 1616 316 1641 ne
336 1616 472 1653 speres,
493 1607 622 1640 monet
640 1604 787 1651 Annus,
809 1610 847 1644 et
866 1605 1007 1644 almum

236 1659 345 1704 Quae
363 1657 462 1706 rapit
483 1656 592 1694 Hora
611 1657 726 1695 diem.

20 1712 179 1763 Frigora
196 1712 401 1749 mitescunt
420 1710 604 1760 Zephyris
621 1723 629 1748 :
663 1711 742 1749 Ver
761 1712 922 1761 proterit
941 1713 1089 1761 Aestas,

234 1765 440 1803 Interitura
461 1764 571 1801 simul

20 1819 186 1858 Pomifer
202 1819 421 1856 Autumnus
440 1818 567 1866 fruges
587 1817 762 1856 effuderit
782 1832 790 1856 :
821 1824 859 1857 et
880 1831 967 1856 mox

231 1872 372 1909 Bruma
391 1871 550 1908 recurrit
569 1871 684 1908 iners.

21 1928 172 1966 Damna
190 1931 317 1964 tamen
336 1925 474 1962 celeres
493 1930 670 1973 reparant
690 1925 865 1964 coelestia
883 1926 1020 1965 lunae:

236 1979 317 2016 Nos
337 1978 401 2015 ubi
421 1978 639 2024 decidimus,

21 2035 113 2082 Quo
131 2033 214 2083 pius
226 2033 387 2077 Aeneas,
408 2043 482 2080 quo
503 2031 637 2069 Tullus
655 2031 770 2078 dives,
792 2038 830 2071 et
850 2033 992 2081 Ancus,

237 2085 365 2123 Pulvis
385 2089 423 2122 et
442 2085 577 2122 umbra
596 2098 736 2124 sumus.

21 2141 121 2188 Quis
141 2140 222 2187 seit,
243 2152 292 2176 an
311 2138 491 2187 adjiciant
509 2138 714 2176 hodiernae
733 2140 898 2178 crastina
916 2153 1084 2181 summae

243 2193 430 2241 Tempora
449 2191 489 2228 di
503 2192 628 2240 superi
646 2191 666 2229 ἱ)

18 2247 171 2286 Cuncta
189 2258 322 2284 manus
341 2245 471 2282 avidas
489 2244 640 2293 fugient
657 2245 820 2292 heredis,
841 2247 962 2286 amico

238 2300 346 2345 Quae
365 2297 514 2336 dederis
533 2298 670 2336 animo.

22 2354 125 2394 Cum
144 2353 259 2394 semel
279 2352 472 2396 occideris,
491 2356 529 2389 et
548 2351 596 2388 de
611 2357 649 2390 te
668 2352 865 2402 splendida
887 2354 1012 2394 Minos

241 2406 390 2448 Fecerit
409 2404 592 2449 arbitria;

570 2468 658 2510 &2

1171 178 1223 218 77

1158 339 1211 378 30

1158 605 1211 645 35

1154 873 1207 912 40

1159 1769 1208 1806 10

1158 2035 1208 2074 15

1155 2303 1206 2346 20
