1414 2666
181 138 232 176 50
632 150 826 179 Ammmos
853 150 911 178 m.

185 246 360 285 Hectoris
378 246 655 293 Andromache,
678 246 854 298 Pyrrhin’
873 247 1061 285 connubia
1079 260 1203 286 servas
1214 247 1234 285 Ρ

182 300 333 349 Dejecit
352 301 508 347 voltum,
529 306 568 339 et
585 300 744 338 demissa
761 314 853 338 voce
870 301 997 339 locuta
1015 306 1072 340 est
1091 314 1101 339 z
1279 299 1358 340 320

184 353 219 391 O
237 355 327 391 felix
346 367 421 391 una
440 360 528 392 ante
545 354 634 392 alias
656 354 840 392 Priameia
854 354 974 404 virgo,

181 406 370 446 Hostilem
389 408 438 445 ad
456 408 643 445 tumulum
663 408 798 457 Trojae
817 408 887 445 sub
905 407 1100 445 moenibus
1117 407 1202 447 altis

181 460 207 497 J
211 473 295 499 ussa
312 462 419 506 mori,
440 472 535 508 quae
553 461 708 499 sortitus
728 474 803 499 non
818 461 975 510 pertulit
993 461 1103 507 ullos,

184 514 265 552 Nec
284 514 434 552 victoris
452 514 533 552 heri
551 514 678 563 tetigit
698 515 846 564 captiva
864 514 1008 552 cubile!

183 567 276 613 Nos,
297 568 419 616 patria
437 567 599 613 incensa,
621 569 766 606 diversa
785 581 851 618 per
871 580 1034 618 aequora
1053 573 1194 613 vectae,
1284 567 1363 605 325

184 621 319 670 Stirpis
340 621 535 658 Achilleae
551 622 679 666 fastus,
694 621 946 671 juvenemque
966 621 1177 671 superbum,

185 674 346 712 Servitio
365 675 508 720 enixae,
527 675 680 712 tulimus
701 689 709 713 ε
739 675 803 723 qui
822 675 970 721 deinde,
989 679 1138 712 secutus

183 728 372 765 Ledaeam
392 728 638 774 Hermionen,
659 728 1053 776 Lacedaemoniosque
1072 727 1327 777 Hymenaeon,

187 782 250 818 Me
268 782 409 819 famulo
428 781 678 830 famulamque
699 782 850 819 Heleno
870 781 1078 820 transmisit
1096 781 1323 818 habendam.

184 836 257 873 Ast
276 835 393 881 illuni,
414 843 564 884 ereptae
582 848 720 883 magno
739 835 992 872 inflammatus
1011 847 1137 872 amore
1286 832 1364 872 330

185 888 379 937 Conjugis,
401 895 439 926 et
458 889 636 926 scelerum
660 888 781 925 Furiis
801 888 977 936 agitatus,
1000 887 1154 926 Orestes

186 941 337 991 Excipit
356 943 561 987 incautum,
582 941 794 992 patriasque
814 943 1016 980 obtruncat
1035 941 1083 978 ad
1097 954 1191 978 aras.

185 995 311 1033 Morte
331 996 569 1045 Neoptolemi
587 1008 789 1044 regnorum
808 995 958 1034 reddita
978 994 1088 1033 cessit

185 1049 277 1086 Pars
297 1049 448 1086 Heleno
467 1063 475 1093 ;
506 1049 569 1098 qui
592 1049 781 1090 Chaonios
800 1049 1023 1098 cognomine
1041 1060 1203 1097 campos,

187 1103 467 1150 Chaoniamque
487 1115 647 1148 omnem,
669 1102 834 1151 Trojano
855 1115 877 1139 a
897 1102 1051 1139 Chaone
1070 1101 1168 1139 dixit
1185 1113 1194 1146 3
1285 1101 1362 1139 335

185 1155 443 1205 Pergamaque
463 1156 687 1204 Iliacamque
700 1155 804 1204 jugis
818 1155 914 1193 hanc
933 1156 1081 1193 addidit
1099 1167 1235 1192 arcem.

186 1210 260 1246 Sed
279 1211 349 1248 tibi
368 1210 431 1259 qui
450 1222 598 1247 cursum
616 1210 731 1254 venti,
752 1222 845 1258 quae
863 1209 940 1247 fata
959 1209 1097 1246 dedere
1115 1209 1135 1246 Ρ

186 1265 267 1301 Aut
286 1264 455 1312 quisnam
470 1264 643 1312 ignarum
662 1263 799 1300 nostris
818 1263 910 1299 deus
928 1262 1073 1312 appulit
1091 1261 1166 1300 oris
1185 1261 1205 1299 ἶ)

189 1318 292 1362 Quid
313 1330 405 1366 puer
424 1317 609 1354 Ascanius
628 1316 647 1353 ἶ)
677 1323 877 1365 superatne
897 1323 935 1354 et
955 1317 1116 1355 vescitur
1135 1328 1226 1353 aura
1239 1314 1259 1353 ἶ)

189 1374 311 1416 Quem
331 1370 492 1419 tibijam
515 1370 629 1419 Troja
656 1371 677 1391 ³*
708 1371 729 1390 *
759 1370 781 1391 *³
812 1371 833 1392 ³¹⁶
1288 1368 1367 1406 340

188 1425 318 1474 Ecqua
336 1431 465 1462 tamen
483 1435 599 1472 puero
619 1428 676 1461 est
696 1423 851 1460 amissae
871 1436 961 1460 cura
979 1422 1146 1473 parentis
1161 1421 1180 1460 ἶ)

188 1478 337 1528 Ecquid
355 1479 394 1514 in
410 1478 602 1526 antiquam
622 1478 810 1522 virtutem,
830 1477 1046 1525 animosque
1064 1476 1195 1522 virilis,

188 1531 240 1570 Et
259 1540 366 1581 pater
384 1531 544 1576 Aeneas,
565 1536 602 1568 et
621 1530 830 1567 avunculus
848 1531 987 1568 excitat
1005 1529 1152 1567 Hector
1170 1529 1190 1568 P

243 1585 351 1623 Talia
367 1584 550 1622 fundebat
570 1584 777 1629 lacrimans,
798 1584 1007 1633 longosque
1025 1584 1147 1622 ciebat

190 1639 381 1676 Incassum
399 1638 510 1676 fletus
526 1651 534 1682 3
565 1649 678 1685 quum
699 1650 779 1674 sese
797 1650 819 1674 a
836 1638 1032 1675 moenibus
1049 1637 1160 1674 heros
1290 1637 1368 1675 345

188 1692 393 1730 Priamides
415 1692 541 1729 multis
560 1690 732 1728 Helenus
751 1691 1016 1729 comitantibus
1035 1690 1182 1735 adfert3

189 1747 446 1796 Agnoscitque
466 1758 562 1790 suos,
583 1745 779 1793 laetusque
798 1744 846 1781 ad
865 1745 996 1782 limina
1014 1744 1132 1790 ducit,

190 1800 242 1838 Et
261 1800 421 1837 multum
441 1799 612 1836 lacrimas
631 1798 745 1835 verba
763 1798 864 1835 inter
882 1798 1031 1847 singula
1047 1797 1185 1836 fundit.

191 1853 372 1898 Procedo,
394 1858 431 1890 et
450 1864 601 1902 parvam
625 1851 792 1900 Trojam,
813 1851 1064 1900 simulataque
1085 1851 1230 1900 magnis

190 1906 385 1956 Pergama,
406 1914 444 1944 et
463 1911 630 1943 arentem
648 1904 792 1942 Xanthi
811 1904 1035 1953 cognomine
1052 1904 1184 1950 rivum,
1293 1903 1373 1942 350

189 1961 367 2010 Agnosco
383 1974 391 1998 ε
424 1961 633 2007 Scaeaeque
652 1958 857 2008 amplector
876 1958 1005 1995 limina
1023 1965 1165 2008 portae.

190 2015 272 2051 hec
291 2026 367 2050 non
388 2020 423 2051 et
447 2013 583 2049 Teucri
603 2012 702 2049 socia
720 2012 830 2048 simul
849 2012 942 2049 urbe
959 2011 1150 2050 fruuntur.

191 2068 281 2104 Illos
301 2068 507 2117 porticibus
526 2078 593 2102 rex
612 2066 819 2115 accipiebat
837 2065 876 2103 in
895 2065 1027 2115 amplis
1043 2078 1052 2102 z

191 2121 304 2158 Aulai
322 2121 362 2157 in
383 2121 506 2158 medio
525 2120 694 2157 libabant
712 2119 848 2168 pocula
870 2118 1019 2165 Bacchi,

193 2175 382 2224 Impositis
402 2187 493 2211 auro
512 2173 682 2222 dapibus,
704 2178 926 2222 paterasque
945 2171 1138 2211 tenebant.
1291 2170 1368 2209 355

243 2229 407 2277 Jamque
425 2228 518 2271 dies,
539 2227 708 2275 alterque
727 2226 806 2263 dies
824 2225 1030 2276 processit3
1059 2232 1099 2274 et
1116 2238 1229 2264 aurae

190 2282 285 2319 Vela
304 2288 452 2327 vocant,
472 2281 691 2328 tumidoque
708 2279 863 2318 inflatur
880 2280 1054 2319 carbasus
1073 2285 1200 2318 austro

192 2335 265 2372 His
285 2340 406 2371 vatem
429 2333 769 2383 aggredior-dictis,
791 2346 834 2370 ac
852 2333 943 2371 talia
962 2344 1123 2382 quaeso:

194 2388 421 2437 Trojugena‚
442 2389 626 2437 interpres
645 2388 783 2433 divom,
798 2386 863 2436 qui
881 2387 1037 2424 numina
1055 2385 1210 2432 Phoebi,
