1414 2666
606 217 818 244 CARMmUM
844 217 896 245 1v.

262 312 386 351 Velox
404 325 526 351 merce
543 314 630 351 veni
650 327 659 352 ε
686 326 764 352 non
784 326 855 363 ego
873 317 913 352 te
931 312 1023 351 meis

264 366 475 405 Immunem
494 367 655 405 meditor
673 368 849 417 tinguere
866 367 1025 417 poculis,

376 421 493 458 Plena
511 421 616 458 dives
633 426 677 460 ut
695 422 736 458 in
755 422 883 459 domo.

264 474 408 513 Verum
429 486 525 524 pone
544 488 678 521 moras,
700 480 739 513 et
757 475 925 513 studium
936 474 1056 519 lucri;
1134 473 1137 476 ’
1289 474 1342 513 25

262 528 544 577 Nigrorumque
564 541 715 573 memor,
737 529 828 566 dum
846 529 947 574 licet,
967 527 1125 578 ignium,

262 581 381 620 Misce
399 582 598 621 stultitiam
618 583 780 620 consiliis
794 584 970 620 brevem:

371 635 495 674 Dulce
514 645 569 674 est
590 636 758 686 desipere
776 636 817 673 in
835 637 931 674 loco.

502 715 592 752 ODE
607 715 843 753 XIIL-Ad
858 715 992 766 Lycen.

259 782 486 827 Aunwssass,
507 781 623 831 Lyce,
644 782 684 818 di
702 794 784 818 mea
803 786 892 819 vota
911 795 921 826 3
951 782 992 818 di

258 834 465 879 Audivere,
487 834 591 883 Lyce
612 848 620 872 :
651 835 693 872 fis
713 848 818 881 anus,
839 840 878 873 et
896 840 1023 872 tamen

320 887 386 925 Vis
400 888 563 925 formosa
581 888 713 933 videri,

369 941 563 991 Ludisque
583 947 621 979 et
640 942 737 979 bibis
757 941 957 990 impudens
978 955 986 985 ;

263 995 316 1034 Et
334 1002 445 1033 cantu
465 995 638 1041 tremulo,
659 1000 759 1045 pota,
784 995 1010 1045 Cupidinem
1320 995 1344 1033 5

264 1049 431 1088 Lentum
450 1049 637 1087 sollicitas.
695 1049 765 1086 Ille
784 1049 949 1095 virentis,
970 1054 1009 1087 et

314 1103 462 1141 Doctae
481 1103 650 1152 psallere,
674 1103 791 1140 Chiae

369 1157 540 1194 Pulchris
553 1157 715 1194 excubat
734 1156 911 1205 injgenis.

262 1210 506 1260 Importunus
524 1210 623 1247 enim
642 1211 849 1248 transvolat
868 1209 991 1247 aridas

258 1264 450 1310 Quercus3
481 1269 519 1302 et
537 1264 677 1313 refugit
696 1271 748 1308 te,
765 1264 853 1313 quia
871 1263 986 1300 luridi
1290 1262 1341 1300 10

314 1317 472 1364 Dentes,
494 1323 542 1363 te,
565 1318 653 1366 quia
671 1331 790 1366 rugae

370 1372 544 1420 Tur-pant
564 1376 602 1408 et
621 1372 753 1420 capitis
772 1371 891 1408 nives.

256 1425 337 1462 Nec
358 1425 459 1462 Coae
477 1425 645 1462 referunt
658 1425 737 1473 jam
756 1424 826 1462 tibi
840 1435 1040 1474 purpurae,

260 1479 342 1516 Nec
361 1479 451 1516 clari
470 1479 623 1527 lapide-5,
641 1484 822 1528 tempora,
843 1490 940 1527 quae
958 1477 1071 1515 semel

314 1532 426 1570 Notis
447 1532 599 1570 condita
617 1532 721 1569 fastis
1289 1530 1338 1569 15

369 1586 526 1623 Inclusit
544 1586 706 1624 volucris
727 1585 832 1623 Dies,

260 1640 349 1685 Quo
367 1639 466 1688 fugit
483 1637 612 1677 Venus
627 1640 646 1677 Ρ
666 1640 740 1677 heu
761 1640 769 1677 1
799 1651 921 1689 quove
939 1637 1043 1676 color
1061 1638 1082 1676 ⁴?
1109 1637 1247 1676 decens

265 1694 353 1739 Quo
372 1699 496 1731 motus
511 1693 531 1730 ⁴?
588 1693 693 1739 Quid
712 1693 826 1731 habes
845 1692 956 1738 illius,
977 1691 1091 1738 illius,

320 1747 429 1792 Quae
449 1747 615 1791 spirabat
635 1760 790 1792 amores,

372 1801 481 1846 Quae
499 1813 559 1838 me
578 1806 776 1850 surpuerat
795 1799 897 1845 mihi,
1291 1795 1342 1835 20

263 1853 371 1892 Felix
390 1859 476 1903 post
497 1854 683 1900 Cinaram,
704 1859 878 1901 notaque,
901 1857 939 1890 et
957 1852 1097 1890 artium

266 1907 485 1951 Gratarum,
502 1907 614 1945 facies
629 1908 648 1945 ἶ)
703 1907 779 1944 Sed
800 1907 959 1944 Cinarae
977 1906 1108 1943 breves

308 1963 443 1999 Annos
461 1961 538 1999 fata
556 1960 753 2006 dederunt,

372 2015 573 2053 Servatura
591 2015 658 2052 diu
677 2027 804 2064 parem

264 2069 435 2108 Cornicis
455 2069 603 2107 vetulae
622 2068 854 2117 temporibus
873 2067 1028 2117 Lycen;
1286 2067 1336 2106 25

266 2123 426 2161 Possent
445 2128 489 2161 ut
501 2123 661 2172 juvenes
680 2123 800 2160 visere
818 2121 964 2168 fervidi,

319 2177 444 2215 Multo
463 2189 541 2214 non
560 2176 640 2213 sine
659 2176 748 2221 risu,

372 2231 571 2280 Dilapsam
589 2230 630 2266 iu
650 2229 792 2267 eineres
810 2229 940 2267 facem.

453 2309 543 2347 01>ss
563 2307 796 2346 XIV.—-.f1d
811 2307 1031 2360 Auyustum.

265 2374 382 2420 QUAE
401 2387 491 2412 cura
510 2374 679 2420 Patrum,
701 2386 843 2424 quaeve
863 2373 1079 2420 Quiritium,

265 2427 393 2466 Plenis
410 2428 597 2465 honorum
616 2427 834 2465 muneribus
861 2431 956 2474 tuas,

320 2482 504 2531 Auguste,
526 2482 684 2520 virtutes
704 2481 745 2518 in
764 2493 896 2518 aevum
