1475 2712
77 274 182 327 111.]
494 272 840 312 GEORGICON.
1218 279 1268 314 43

84 382 161 421 sed
180 382 326 420 frustra
345 380 562 429 oppositum
581 381 780 418 trudentes
800 385 954 429 pectore
973 387 1142 419 montem

81 435 309 474 Comminus
328 435 560 471 obtruncant
579 433 692 479 ferro,
714 435 962 483 graviterque
982 435 1165 474 rudentes

81 488 257 534 Caedunt,
279 494 317 525 et
337 500 475 535 magno
494 487 573 524 laeti
594 487 758 525 clamore
777 494 990 536 reportant.
1194 490 1271 529 375

80 543 162 590 Ipsi
182 542 224 578 in
243 541 402 579 defossis
422 541 611 589 specubus
631 553 764 578 secura
784 542 856 578 sub
876 541 953 578 alta

81 595 174 633 Otia
193 602 312 644 agunt
332 601 446 639 terra,
467 600 724 643 congestaque
744 595 882 631 robora
900 600 1077 644 totasque

80 648 306 686 Advolvere
324 647 419 685 focis
438 648 574 693 ulmos,
594 648 753 696 ignique
772 648 923 684 dedere.

81 701 160 739 Hic
180 707 331 739 noctem
349 701 440 738 ludo
460 701 619 747 ducunt,
640 706 679 737 et:
697 701 836 750 pocula
856 701 934 738 laeti

80 754 288 792 Fermento
308 761 422 803 atque
442 754 561 791 acidis
580 754 784 791 imitantur
804 755 908 791 vitea
928 755 1062 792 sorbis.
1192 757 1272 792 380

82 808 189 845 Talis
210 808 463 857 Hyperboreo
485 807 642 855 Septem
661 807 834 855 subjecta
852 808 970 845 trioni

83 860 191 898 Gens
210 861 355 899 effrena
374 862 502 898 virum
523 861 684 910 Rhipaeo
704 861 882 898 tunditur
902 861 1020 907 Euro,

81 915 133 952 Et
153 915 344 963 pecudum
362 915 481 951 fulvis
500 914 655 953 velatur
671 927 830 963 corpora
850 915 963 952 saetis.

137 968 179 1006 Si
203 969 273 1005 tibi
293 968 471 1005 lanitium
491 981 602 1013 curae,
619 969 787 1016 primum
807 980 941 1017 aspera
961 968 1060 1006 silva

80 1021 301 1071 Lappaeque
319 1021 532 1070 tribulique
551 1022 694 1065 absint3
713 1021 805 1070 fuge
825 1022 965 1070 pabula
984 1022 1089 1066 laeta3
1196 1024 1272 1061 385

83 1074 354 1122 Continuoque
374 1087 512 1123 greges
532 1075 635 1111 villis
654 1075 738 1123 lege
758 1075 936 1112 mollibus
956 1075 1073 1113 albos.

81 1129 198 1165 Illum
218 1135 357 1174 autem,
379 1127 557 1176 quamvis
576 1128 675 1165 aries
695 1128 745 1164 sit
763 1129 949 1165 candidus
968 1129 1064 1177 ipse,

82 1182 209 1230 Nigra
228 1183 359 1218 subest
379 1181 454 1218 udo
473 1186 624 1218 tantum
645 1181 707 1218 cui
726 1181 860 1230 lingua
880 1182 1020 1230 palam,

83 1235 229 1283 Rejice,
248 1247 297 1271 ne
317 1235 476 1271 maculis
495 1233 663 1271 infuscet
683 1235 826 1271 vellera
846 1235 962 1283 pullis

82 1289 332 1333 Nascentum,
354 1287 543 1336 plenoque
563 1288 681 1324 alium
700 1288 953 1337 circumspice
972 1301 1118 1338 campo.
1198 1291 1276 1328 390

84 1342 250 1379 Munere
269 1342 323 1378 sic
343 1341 457 1378 niveo
474 1342 582 1386 lance,
603 1341 636 1378 si
655 1342 811 1379 credere
829 1342 991 1391 dignum
1013 1349 1084 1388 est,

83 1397 182 1441 Pan,
203 1395 296 1432 deus
316 1395 496 1431 Areadiae
516 1401 666 1443 captam
686 1400 736 1440 te,
758 1395 882 1440 Luna,
904 1394 1053 1441 fefellit,

84 1449 132 1486 In
153 1461 308 1486 nemora
328 1449 404 1485 alta
425 1459 566 1485 vocans
574 1463 584 1492 3
604 1461 674 1485 nec
693 1455 736 1485 tu
756 1449 986 1497 adspernata
1005 1455 1220 1488 vocantem.

137 1503 206 1548 At,
228 1503 290 1540 cui
309 1501 419 1539 lactis
438 1514 553 1547 amor,
572 1503 737 1551 cytisum
757 1503 930 1550 lotosque
948 1502 1169 1550 frequentes

83 1556 173 1605 Ipse
194 1569 307 1593 manu
329 1555 521 1604 salsasque
540 1556 639 1592 ferat
654 1556 889 1604 praesepibus
908 1556 1057 1594 herbas.
1200 1559 1277 1595 395

87 1610 192 1646 Hinc
213 1616 250 1646 et
270 1614 398 1646 amant
418 1609 557 1645 fluvios
577 1609 710 1658 magis,
733 1616 771 1646 et
790 1610 914 1658 magis
934 1610 1053 1647 ubera
1072 1611 1251 1656 tendunt,

86 1663 140 1699 Et
158 1663 248 1700 salis
268 1662 459 1700 occultum
480 1662 653 1699 referunt
672 1663 712 1698 in
731 1662 830 1700 lacte
849 1675 1037 1710 saporem.

86 1716 204 1752 Multi
217 1715 301 1764 jam
320 1722 495 1753 excretos
514 1716 722 1764 prohibent
740 1728 762 1752 a
780 1716 968 1753 matribus
987 1717 1126 1763 haedos,

86 1770 297 1818 Primaque
316 1769 471 1806 ferratis
491 1770 696 1818 praefigunt
716 1782 782 1806 ora
802 1769 992 1817 capistris.

89 1822 203 1868 Quod
222 1829 404 1871 surgente
423 1822 485 1859 die
504 1822 670 1859 mulsere
690 1823 870 1870 horisque
891 1823 1052 1868 diurnis,
1200 1825 1280 1861 400

88 1876 213 1913 Nocte
233 1882 430 1925 premunt3
450 1876 552 1924 quod
566 1875 648 1924 jam
667 1877 836 1913 tenebris
857 1882 895 1913 et
914 1876 992 1912 sole
1012 1876 1184 1923 cadente,

91 1929 173 1967 Sub
191 1930 316 1967 lucem
335 1935 543 1978 exportant
562 1929 858 1966 calathis—adit
878 1930 1019 1978 oppida
1044 1937 1229 1978 pastor——

89 1984 173 2020 Aut
192 1995 307 2031 parco
327 1983 403 2020 sale
423 1983 666 2031 contingunt,
687 1983 882 2032 hiemique
902 1991 1106 2032 reponunt.

143 2036 228 2073 Nec
247 2036 319 2073 tibi
340 2049 431 2074 cura
450 2048 589 2073 canum
609 2035 727 2073 fuerit
747 2044 948 2084 postrema,
970 2037 1037 2074 sed
1057 2050 1134 2074 una

88 2090 252 2127 Veloces
270 2088 419 2138 Spartae
438 2090 583 2126 catulos
596 2102 805 2138 acremque
826 2090 1038 2127 Molossum
1207 2092 1284 2127 405

91 2143 212 2180 Pasce
232 2156 316 2192 sero
337 2143 487 2191 pingui.
544 2142 767 2191 Numquam
788 2143 1013 2180 custodibus
1033 2143 1110 2180 illis

91 2197 335 2233 Nocturnum
357 2196 518 2232 stabulis
537 2195 662 2232 furem
682 2197 937 2245 incursusque
955 2197 1147 2245 luporum,

92 2251 177 2287 Aut
196 2250 405 2298 impacatos
427 2262 449 2286 a
468 2255 577 2297 tergo
597 2249 770 2287 horrebis
793 2250 974 2286 Hiberos.

96 2302 204 2351 Saepe
229 2303 344 2340 etiam
365 2315 479 2340 cursu
498 2302 653 2339 timidos
672 2303 837 2351 agitabis
856 2315 1020 2351 onagros

93 2356 145 2392 Et
165 2357 324 2393 canibus
343 2356 524 2404 leporem,
546 2356 706 2392 canibus
727 2357 917 2393 venabere
937 2357 1078 2394 damas.
1208 2360 1287 2394 410

95 2408 203 2458 Saepe
223 2409 434 2446 volutabris
455 2409 583 2457 pulsos
603 2409 845 2446 silvestribus
865 2422 976 2458 apros

94 2462 257 2500 Latratu
278 2463 451 2500 turbabis
472 2475 605 2511 agens3
629 2470 852 2512 montesque
873 2475 941 2512 per
961 2463 1057 2499 altos

96 2515 298 2562 Ingentem
319 2517 484 2554 clamore
505 2529 654 2565 premes
675 2517 720 2553 ad
742 2518 838 2553 retia
858 2529 1028 2553 cervum.
