1475 2712
53 204 111 256 1.]
315 203 323 210 ·
465 177 815 238 GEORGICON.
1199 200 1245 238 17

53 311 208 349 Proluit
227 309 362 346 insano
381 313 634 354 contorquens
656 307 797 343 vortice
819 305 934 343 silvas

54 365 283 402 Fluviorum
302 374 373 398 rex
392 361 600 403 Eridanus,
621 371 851 408 camposque
871 372 940 408 per
958 372 1090 396 omncs

51 417 155 456 Cum
179 416 343 454 Stabulis
362 419 537 451 armenta
555 412 647 450 tulit
667 428 677 456 ;
697 425 768 450 nec
781 410 955 461 'tempore
974 414 1110 450 eodem

54 471 254 508 Tristibus
274 475 339 506 aut
361 467 464 504 extis
482 467 589 503 fibrae
609 479 794 515 apparere
813 467 992 511 minaces,

55 527 140 562 Aut
159 522 284 574 puteis
303 533 458 557 manare
477 532 592 557 cruor
607 521 788 564 cessavit,
811 526 849 556 et
867 520 955 556 altae
1169 522 1245 556 ‘185

53 577 132 615 Per
150 582 300 614 noctem
319 585 498 611 resonare
517 573 619 622 lupis
642 573 880 610 ululantibus
903 574 1030 610 urbes.

54 631 146 668 Non
166 629 258 666 alias
278 628 372 665 coelo
390 627 610 664 ceciderunt
631 626 742 675 plura
761 639 895 663 sereno

54 684 239 732 Fulgura,
258 693 330 718 nec
347 680 422 717 diri
441 680 555 717 toties
574 692 702 717 arsere
720 688 889 717 cometae.

55 737 163 785 Ergo
180 737 282 772 inter
301 747 383 772 sese
401 733 560 782 paribus
578 745 808 770 concurrere
828 733 915 769 telis

54 791 250 828 Romanas
270 788 370 825 acies
389 786 683 823 iterum‘videre
704 786 874 834 Philippi
894 801 904 829 ;
1166 788 1246 823 490

55 843 142 881 Nee
160 842 235 879 fuit
254 842 454 890 indignum
480 840 639 888 Superis
660 841 718 877 bis
739 840 926 887 sanguine
948 848 1078 875 nostro

55 896 275 934 Emathiam
295 902 333 931 et
353 895 448 932 latos
470 893 596 929 Haemi
618 894 869 942 pinguescere
887 905 1056 940 campos.

57 950 216 988 Scilicet
236 955 272 985 et
290 955 440 996 tempus
461 947 602 991 veniet,
622 959 711 983 cum
730 947 873 983 finibus
893 947 970 982 illis

55 1001 251 1052 Agricola,
272 1001 435 1038 incurvo
454 1006 595 1037 terram
616 1000 770 1037 molitus
790 1006 932 1044 aratro,

56 1056 187 1094 Exesa
205 1055 376 1091 inveniet
396 1054 530 1090 scabra
550 1053 726 1101 robigine
746 1053 834 1102 pila,
1058 1054 1060 1056 ’
1168 1053 1246 1089 495

57 1107 140 1146 Aut
158 1107 344 1158 gravibus
363 1107 498 1144 rastris
516 1106 646 1155 galeas
665 1107 835 1155 pulsabit
854 1106 1004 1149 inanes,

56 1162 307 1209 Grandiaque
327 1160 474 1197 effossis
493 1160 698 1196 mirabitur
717 1172 802 1196 ossa
821 1160 1023 1208 sepulcris·

56 1214 108 1252 Di
129 1215 257 1264 patrii,
277 1213 486 1262 Indigetes,
507 1219 545 1249 et
565 1212 740 1257 Romule,
764 1213 960 1260 Vestaque
980 1219 1110 1255 mater,

56 1268 154 1314 Quae
174 1268 345 1305 Tuscum
366 1266 536 1303 Tiberim
557 1273 594 1302 et
615 1266 789 1303 Romana
810 1266 958 1302 Palatia
976 1278 1119 1310 servas,

58 1323 178 1360 Hunc
197 1321 331 1358 saltem
351 1332 485 1357 everso
496 1317 683 1367 juvenem
704 1331 930 1356 succurrere
949 1319 1059 1356 saeclo
1169 1321 1247 1355 500

57 1376 121 1414 Ne
138 1373 355 1425 prohibete!
415 1373 516 1410 Satis
529 1371 609 1420 jam
631 1373 780 1422 pridem
800 1373 988 1421 sanguine
1007 1379 1139 1409 nostro

58 1429 349 1467 Laomedonteae
368 1427 510 1463 luimus
528 1425 700 1474 perjuria
721 1425 861 1474 Trojae.

56 1483 149 1520 ‹Jam
170 1481 319 1531 pridem
338 1480 449 1517 nobis
468 1479 554 1516 coeli
575 1486 613 1516 te
632 1480 750 1528 regia,
773 1480 914 1523 Caesar‚

59 1536 234 1578 Invidet3
254 1541 377 1582 atque,
399 1533 597 1570 hominum
618 1534 793 1580 queritur
812 1545 947 1570 curare
966 1533 1180 1581 triumphos
1201 1547 1212 1575 3

60 1588 217 1638 Quippe
236 1589 302 1624 ubi
322 1587 380 1624 fas
400 1599 554 1624 versum
570 1592 683 1633 atque
699 1586 819 1631 nefas,
832 1593 888 1623 tot
904 1586 1003 1622 bella
1020 1599 1087 1634 per
1102 1587 1247 1628 orbem,

62 1643 160 1680 Tam
181 1641 309 1678 niultae
328 1640 512 1677 scelerum
532 1639 649 1676 facies
670 1655 680 1681 ;
699 1653 775 1677 non
798 1640 897 1676 ullus
917 1646 1045 1676 aratro
1079 1675 1082 1677 ,
1169 1641 1246 1675 505

61 1696 215 1745 Dignus
234 1696 354 1731 honos
372 1709 381 1737 ;
401 1693 578 1740 squalent
597 1693 773 1729 abductis
791 1706 884 1729 arva
903 1693 1059 1736 colonis,

59 1749 112 1786 Et
131 1759 260 1786 curvae
279 1747 448 1796 rigidum
466 1746 583 1783 falces
601 1747 817 1783 conflantur
835 1747 875 1782 in
891 1759 1032 1783 ensem.

61 1803 168 1839 Hinc
187 1807 316 1838 movet
334 1800 564 1849 Euphrate-s,
585 1799 694 1837 illinc
715 1798 927 1836 Germania
946 1800 1088 1842 bellum
1110 1814 1119 1842 3

60 1856 213 1893 Vicinae
232 1855 357 1903 ruptis
376 1855 478 1890 inter
499 1865 538 1889 se
557 1853 707 1901 legibus
728 1854 839 1889 urbes
1172 1853 1250 1888 510

63 1911 187 1945 Arma
205 1908 335 1951 ,ferunt
352 1921 362 1950 3
383 1907 495 1943 saevit
514 1912 594 1942 toto
616 1906 723 1943 Mars
743 1907 885 1955 impius
904 1906 996 1942 orbe
1016 1921 1026 1949 ;

63 1963 132 2006 Ut,
154 1974 242 1998 cum
262 1961 480 1999 carceribus
498 1973 581 1997 sese
601 1959 770 1997 effudere
789 1960 991 2008 quadrigae,

63 2016 228 2052 Addunt
247 2015 285 2050 in
307 2014 440 2062 spatia,
463 2019 502 2050 et
522 2012 666 2050 frustra.
684 2013 894 2051 retinacula
916 2013 1077 2049 tendens

62 2068 205 2106 Fertur
224 2067 332 2114 equis
351 2067 496 2114 auriga,
517 2079 640 2113 neque
660 2068 767 2104 audit
787 2079 924 2104 currus
945 2067 1122 2103 habenas.

646 2184 671 2209 B
