1475 2712
0 2461 67 2712 l

521 195 730 224 CARMtNUM
747 195 775 222 1.

305 291 448 329 Possint
465 291 693 340 imperiosius

277 345 425 395 Aequor
438 345 458 383 Ρ
504 344 589 382 Non
607 344 668 381 tibi
689 350 771 381 sunt
790 345 924 394 integra
942 345 1051 382 lintea
1071 357 1080 382 ι

165 396 252 435 Non
272 398 324 444 di,
340 410 433 448 quos
450 398 580 435 iterum
599 409 724 448 pressa
742 410 853 436 voces
873 399 981 438 malo.

275 453 457 497 Quamvis
476 451 628 488 Pontica
646 452 768 501 pinus,

299 504 419 542 Silvae
439 504 511 541 filia
531 505 669 551 nobilis,

162 557 287 597 Jactes
304 564 339 595 et
356 569 467 606 genus
485 564 522 594 et
540 570 672 595 nome-n
691 558 839 606 inutile3

164 610 226 649 Nil
246 612 352 661 pictis
369 610 516 648 timidus
536 612 658 648 navita
678 612 865 662 puppibus

271 664 386 703 Fidit:
415 671 466 711 tu,
486 665 554 702 nisi
575 667 692 702 ventis

297 717 419 756 Debes
437 718 643 766 ludibrium,
662 730 769 756 cave.

162 771 288 823 Nuper
301 772 494 810 sollicitum
515 784 608 821 quae
624 771 714 810 mihi
733 771 905 819 taedium,

158 825 272 864 Nunc
291 825 521 871 desiderium,
537 837 698 875 curaque
713 827 814 873 levis,

270 878 448 916 Interfusa
470 880 623 916 nitentes

291 933 392 970 Vites
410 944 568 982 aequora
590 933 789 982 Cycladas.

327 1011 416 1050 Ona
440 1012 697 1051 XV.—Nerei
722 1013 957 1052 Vaticinium.

160 1090 323 1128 PASTOR
343 1103 430 1128 cum
450 1089 604 1127 traheret
622 1102 686 1141 per
702 1091 793 1127 freta
812 1092 968 1129 navibus

158 1143 276 1180 Idaeis
295 1144 463 1182 Helenen
484 1143 643 1194 perfidus
664 1143 845 1193 hospitam
864 1157 874 1191 3

156 1197 296 1246 Ingrato
311 1198 447 1236 celeres
466 1198 584 1235 obruit
597 1199 669 1233 otio

261 1250 411 1298 Ventos,
432 1259 470 1289 ut
489 1257 636 1288 caneret
653 1251 730 1288 fera

152 1304 294 1341 Nereus
313 1305 408 1342 iata:
429 1303 532 1341 Mala
551 1303 655 1341 ducis
673 1305 734 1340 avi
750 1303 915 1350 domum,

152 1357 278 1403 Quam
298 1359 411 1395 multo
432 1364 568 1407 repetet
587 1357 742 1395 Graecia
762 1359 886 1404 milite,

150 1409 350 1459 conjurata
371 1418 451 1449 tuas
470 1423 636 1461 rumpere
656 1412 813 1461 nuptias,

262 1464 309 1501 Et
325 1476 475 1514 regnum
499 1465 632 1502 Priami
654 1470 771 1503 vetus.

151 1516 271 1563 Eheu,
291 1525 448 1567 quantus
465 1520 580 1568 equis,
600 1526 757 1569 quantus
776 1518 877 1556 adest
897 1519 981 1555 viris

148 1570 285 1610 Sudor!
314 1579 449 1622 quanta
465 1584 592 1610 moves
610 1574 739 1610 funera
759 1571 955 1609 Dardanae

149 1624 280 1664 Genti!
334 1626 420 1665 Jam
438 1627 577 1674 galeam
594 1626 714 1664 Pallas
732 1632 769 1663 et
787 1625 912 1674 aegida

256 1678 465 1728 Currusque
484 1686 520 1716 et
537 1680 674 1717 rabiem
694 1685 810 1730 parat.

146 1730 419 1782 Nequicquam‚
440 1732 593 1770 Veneris
611 1733 790 1782 praesidio
808 1733 924 1779 ferox,

147 1787 272 1824 Pectes
288 1787 500 1832 caesariem,
519 1793 688 1835 grataque
708 1786 852 1824 seminis

148 1839 290 1876 Imbelli
306 1839 445 1876 cithara
463 1841 625 1876 carmina
645 1839 786 1878 divides
807 1853 817 1887 3

247 1892 505 1943 Nequicquam
520 1892 682 1930 thalamo
700 1905 828 1943 graves

145 1945 292 1994 Hastas,
312 1954 348 1984 et
367 1947 498 1984 calami
517 1948 658 1996 spicula
679 1947 819 1993 Gnosii,

142 1999 294 2047 Vitabis‚
314 2001 586 2050 strepitumque,
605 2007 641 2037 et
658 2002 815 2038 celerem
831 2001 933 2049 sequi

142 2052 301 2102 Ajacem
322 2066 331 2092 ε
359 2060 497 2100 tamen,
517 2054 611 2092 heu!
642 2066 744 2092 serus
762 2054 942 2092 adulteros

249 2108 376 2145 Crines
394 2108 543 2156 pulvere
558 2108 720 2147 colunes.

144 2159 229 2197 Non
250 2160 480 2207 Laertiaden,
498 2161 650 2198 exitium
670 2168 756 2199 tuae

142 2212 281 2261 Gentis,
303 2227 372 2251 non
396 2214 539 2263 Pylium
559 2213 713 2252 Nestora
733 2216 882 2265 respicis
900 2217 919 2254 Ρ

137 2266 300 2317 Urguent
316 2267 490 2317 impavidi
510 2273 544 2304 te
565 2268 786 2306 Salaminius

246 2321 403 2367 Teucer,
424 2327 458 2358 te
478 2319 683 2367 Sthenelus,
699 2323 820 2359 sciens

139 2375 300 2424 Pugnae,
315 2376 392 2413 sive
409 2387 502 2426 opus
519 2381 573 2412 est
590 2376 796 2424 imperitare
815 2376 929 2425 equis,

133 2427 221 2466 Non
240 2430 363 2478 auriga
381 2429 491 2479 piger.
549 2428 755 2466 Merionem
776 2441 918 2479 quoque

1209 185 1252 221 13

1195 400 1238 435 10

1199 668 1245 703 15

1182 935 1232 972 20

1183 1575 1225 1609 10

1177 1840 1219 1876 15

1165 2110 1216 2148 ΩΟ

1161 2378 1212 2417 25
