1475 2712
72 184 132 235 n.]
587 191 706 219 nsi-1.

74 291 190 330 Ridet
208 297 246 330 et
265 292 426 338 Alcides,
447 296 484 329 et
504 289 566 340 qui
579 289 704 326 videre
709 287 895 338 jacentem
912 300 920 329 ;

127 345 242 383 Ridet
260 353 459 384 amatorem
480 343 587 394 Lyda
604 342 728 392 puella
745 354 865 378 suum.

74 398 187 436 Veste
206 399 296 436 deus
315 400 415 436 lusus
428 399 595 436 fallentes
614 396 753 433 lumina
770 400 889 433 vestes

126 452 210 489 Non
229 461 339 499 amat,
359 458 397 490 et
414 453 534 490 nudos
553 451 601 488 ad
619 462 684 487 sua
703 462 805 486 sacra
822 452 942 485 vocat.

72 506 182 542 Adde
200 507 413 555 peregrinis,
435 517 573 548 causas,
594 516 674 540 mea
694 503 812 548 Musa,
835 501 1011 538 Latinas:

125 559 240 607 Inque
259 573 324 596 suo
344 566 468 597 noster
486 558 636 608 pulvere
651 562 775 594 currat
793 568 923 605 equus.

72 613 270 662 (fornipedi
293 613 420 650 Fauno
440 625 533 649 caesa
552 612 599 648 de
611 624 712 648 more
730 609 871 658 capella

123 666 236 704 Venit
254 667 300 703 ad
319 667 470 715 exiguas
489 666 597 704 turba
617 671 746 701 vocata
763 663 888 712 dapes.

70 718 245 768 Dumque
264 721 471 758 sacerdotes
490 719 650 757 verubus
670 724 856 755 transsuta
875 715 1025 765 salignis

122 773 219 810 Exta
237 779 379 823 parant,
404 773 544 811 medias
566 772 642 809 sole
660 776 814 809 tenente
832 770 909 807 vias
928 783 937 814 3

69 825 261 873 Romulus,
283 834 321 865 et
338 828 461 873 frater,
483 826 746 876 pastoralisque
760 825 950 874 juventus,

120 880 265 917 Solibus
284 887 321 918 et
340 894 467 929 campo
485 893 638 930 corpora
656 879 756 916 nuda
774 879 913 916 dabant
933 889 941 914 :

69 931 283 981 [Caestibus‚
304 940 341 972 et
353 934 498 983 jaculis,
519 940 557 972 et
572 933 670 970 missi
691 933 854 982 pondere
873 931 952 968 saxi

119 987 275 1025 Brachia
292 1001 357 1037 per
374 988 475 1025 lusus
495 987 717 1037 experienda
736 985 908 1036 dabant]

68 1040 200 1078 Pastor
219 1042 265 1077 ab
284 1042 438 1086 excelso,
462 1042 534 1079 Per
552 1041 660 1078 devia
678 1053 764 1077 rura
774 1040 966 1089 juvencos,

120 1094 289 1138 Romule,
311 1096 515 1144 praedones,
532 1095 643 1144 eripe,
664 1094 771 1137 dixit,
791 1098 922 1141 agunt.

66 1147 239 1196 Longum
258 1154 337 1186 erat
355 1149 498 1186 armari.
555 1149 722 1185 Diversis
741 1147 817 1184 exit
835 1152 992 1194 uterque

117 1201 301 1238 Partibus.
357 1203 527 1239 Accursu
546 1201 673 1250 praeda
688 1206 838 1249 recepta
856 1199 980 1236 Remi.

67 1254 120 1291 Ut
135 1255 255 1300 rediit,
280 1257 441 1292 verubus
460 1255 656 1293 stridentia
671 1254 834 1292 detrahit
854 1259 942 1290 exta
958 1266 966 1296 ;

116 1309 240 1357 Atque
255 1308 317 1353 ait,
337 1309 432 1346 Haec
451 1316 551 1346 certe
569 1321 645 1345 non
664 1308 735 1344 nisi
753 1307 870 1344 victor
885 1306 984 1343 edet.

66 1362 176 1399 Dicta
188 1361 286 1407 facit,
310 1362 487 1411 Fabiique
505 1362 625 1398 simul.
682 1361 796 1398 Venit
814 1360 940 1398 irritus
958 1359 1045 1397 illuc

115 1415 307 1460 Romulus,
329 1422 366 1453 et
384 1429 526 1452 mensas
546 1427 698 1463 ossaque
716 1414 818 1451 nuda
835 1413 951 1451 videt.

63 1469 183 1511 Risit3
214 1474 252 1506 et
270 1469 430 1506 indoluit
450 1469 582 1506 Fabios
600 1470 763 1517 potuisse
784 1467 1016 1516 Remumque

115 1522 285 1567 Vincere,
308 1522 530 1567 Quinctilios
548 1535 624 1559 non
643 1523 806 1572 potuisse
825 1534 920 1558 suos.

57 1574 169 1612 Fama
188 1581 314 1613 manet
332 1576 419 1614 facti
441 1590 449 1613 :
482 1576 602 1626 posito
627 1576 808 1613 velamine
828 1579 994 1618 currunt,

114 1629 162 1666 Et
177 1642 374 1667 memorem
393 1631 537 1674 famam,
559 1630 658 1677 quod
677 1630 772 1666 bene
791 1630 911 1674 cessit,
931 1629 1057 1665 habet.

63 1682 234 1720 Forsitan
253 1689 290 1720 et
311 1696 465 1732 quaeras,
487 1697 553 1721 cur
572 1684 619 1721 sit
638 1684 739 1720 loeus
758 1683 820 1719 ille
842 1681 1035 1732 Lupercal,

116 1736 255 1781 Quaeve
274 1736 371 1773 diem
390 1738 455 1775 tali
476 1737 625 1775 nomine
639 1749 749 1774 eausa
768 1743 885 1774 notet.

58 1788 126 1826 Ilia
146 1790 305 1827 Vestalis
325 1791 484 1828 coelestia
504 1791 642 1828 semina
658 1797 765 1840 partu

116 1843 305 1888 Ediderat‚
326 1850 461 1893 patruo
480 1857 596 1893 regna
610 1849 762 1882 tenente
781 1856 859 1880 suo.

58 1896 92 1933 Is
107 1897 216 1945 jubet
235 1897 368 1934 auferri
387 1911 529 1947 parvos,
551 1905 587 1936 et
607 1898 646 1934 in
665 1910 772 1935 amne
787 1898 921 1934 necari.

112 1949 212 1995 Quid
233 1950 320 1988 facis
339 1951 357 1988 ἶ)
386 1965 431 1988 ex
449 1952 528 1989 istis
548 1951 730 1989 Romulus
750 1951 843 1989 alter
863 1952 943 1988 erit.

56 2004 81 2040 J
86 2016 167 2040 ussa
182 2011 392 2042 recusantes
410 2012 594 2054 peragunt,
610 2006 814 2055 lacrymosa
833 2005 991 2042 ministri
1008 2019 1015 2048 ;

114 2056 221 2094 Flent
240 2061 376 2103 tamen,
397 2064 434 2096 et
452 2059 618 2107 geminos
637 2059 676 2095 in
694 2060 775 2096 loca
788 2059 894 2107 jussa
912 2059 1047 2097 ferunt.

59 2110 208 2155 Albula,
229 2123 336 2158 quem
354 2112 483 2148 Tibrin
503 2125 642 2149 mersus
663 2112 858 2149 Tiberinus
875 2113 914 2149 in
932 2113 1033 2149 unda

111 2163 301 2210 Reddidit,
323 2165 485 2202 hibernis
504 2165 599 2203 forte
618 2167 786 2204 tumebat
805 2167 919 2215 aquis.

57 2217 143 2261 Hic,
164 2218 227 2254 ubi
246 2231 345 2255 nune
363 2219 442 2256 sora
461 2224 558 2264 sunt,
579 2219 709 2256 lintres
728 2233 849 2257 errare
864 2220 1018 2264 videres,

109 2271 265 2319 Quaque
277 2271 405 2320 jacent
424 2273 548 2317 valles,
572 2273 732 2310 Maxime
753 2273 871 2318 Circe,
892 2278 982 2311 tuae.

58 2322 142 2361 Huc
158 2325 221 2360 ubi
240 2331 433 2371 venerunt,
456 2324 592 2376 (neque
605 2326 702 2362 enim
719 2327 918 2376 procedere
935 2333 1089 2376 possunt

109 2378 305 2429 Longius,)
326 2391 371 2416 ex
390 2379 461 2416 illis
480 2392 587 2425 unus,
608 2392 655 2417 an
674 2380 778 2426 alter,
799 2381 875 2419 ait:

1151 550 1230 588 360

1153 819 1229 858 365

1150 1088 1226 1127 370

1149 1359 1225 1396 375

1142 1626 1219 1664 380

1144 1897 1220 1935 385

1143 2167 1220 2205 390

57 2431 108 2468 At
127 2443 236 2479 quam
255 2439 342 2471 sunt
360 2432 496 2471 similes
513 2433 521 2471 1
551 2438 589 2471 at
607 2446 716 2483 quam
735 2434 915 2472 formosus
934 2437 1111 2484 uterque!
1141 2437 1218 2475 395
