1414 2666
163 140 214 178 54
611 151 806 180 AENEmos
833 152 893 180 111.

164 246 253 284 Fert
273 247 477 296 picturatas
495 247 576 285 auri
595 248 806 287 subtemine
825 249 950 295 vest-is,

164 300 214 338 Et
233 299 436 351 Phrygiam
453 300 617 339 Ascanio
635 301 870 352 chlamydem
888 316 896 346 ;
926 315 996 340 nec
1015 303 1116 342 cedit
1136 303 1278 354 honore

167 353 454 403 Textilibusque
474 358 606 392 onerat
624 355 746 400 donis,
763 369 805 393 ac
822 356 913 394 talia
933 356 1059 395 fatur:
1264 357 1342 395 485

161 405 303 456 Accipe
322 413 360 445 et
379 408 481 452 haec,
502 420 680 445 manuum
699 408 768 446 tibi
788 422 883 458 quae
902 414 1146 448 monumenta
1163 423 1329 448 mearum

163 460 258 504 Sint,
275 474 377 510 puer,
399 467 437 498 ct
455 461 611 510 longum
629 461 915 500 Andromachae
931 468 1119 502 testentur
1137 476 1314 509 amorem,

165 514 347 563 Conjngis
366 515 590 552 Hectoreae.
648 515 750 564 Cape
768 515 870 553 dona
889 524 1053 554 extrema
1071 524 1235 563 tuorum,

166 567 200 603 O
220 567 311 604 mihi
330 569 409 605 sola
429 568 500 605 mei
520 580 631 617 super
651 569 893 618 Astyanactis
906 570 1059 619 imago!

164 620 224 658 Sic
245 622 383 667 oculos,
403 622 454 658 sic
473 621 537 658 ille
555 634 698 665 manus,
718 623 770 659 sic
789 635 854 659 ora
872 623 1036 668 ferebat;
1268 623 1346 662 490

164 672 215 711 Et
234 687 335 712 nunc
354 675 497 724 aequali
518 680 640 713 tecum
661 676 880 724 pubesceret
899 689 1001 714 aevo.

164 727 247 764 Hos
268 740 338 777 ego
356 729 571 777 digrediens
591 728 751 765 lacrimis
771 729 912 766 affabar
930 730 1099 768 obortis:

164 781 291 818 Vivite
309 782 445 827 felices,
467 782 600 830 quibus
615 786 672 819 est
691 782 842 819 fortuna
861 789 1024 831 peracta.

162 833 247 870 Jam
270 848 336 872 sua
353 849 360 872 :
392 848 460 872 nos
479 835 551 871 alia
570 847 616 871 ex
635 835 716 872 aliis
734 835 773 871 in
793 835 870 872 fata
889 848 1077 873 vocamur.

164 888 280 924 Vobis
300 895 407 937 parta
426 888 529 936 quies
550 901 557 924 :
589 888 735 925 nullum
754 889 865 925 maris
885 901 1022 937 aequor
1041 889 1222 926 arandum
1239 903 1248 934 ;
1266 889 1342 928 495

161 942 263 977 Arva
281 954 403 990 neque
423 941 623 986 Ausoniae,
645 954 789 990 semper
808 942 981 980 cedentia
998 948 1113 987 retro,

163 995 401 1039 Quaerenda.
461 994 626 1042 Effigiem
647 995 789 1032 Xanthi
811 995 1039 1046 Trojamque
1057 995 1205 1040 videtis,

164 1049 287 1092 Quam
308 1057 453 1086 vestrae
472 1048 592 1085 fecere
612 1061 767 1092 manus;
799 1049 1027 1095 melioribus,
1048 1055 1150 1098 opto,

164 1102 367 1151 Auspiciis,
388 1110 425 1139 et
445 1114 541 1150 quae
559 1101 672 1139 fuerit
693 1102 815 1138 minus
835 1103 946 1139 obvia
966 1101 1102 1140 Graiis.

163 1156 200 1191 Si
222 1155 372 1203 quando
395 1155 589 1204 Thybrim,
609 1155 804 1204 vicinaque
823 1154 1027 1205 Thybridis
1046 1169 1147 1201 arva,
1266 1157 1344 1194 500

165 1209 322 1253 lutraro,
344 1209 524 1257 gentique
544 1220 646 1245 meae
662 1209 750 1245 data
766 1210 912 1246 moenia
931 1221 1101 1254 cernam;

166 1262 355 1310 Cognatas
375 1263 477 1299 urbis
497 1261 596 1306 olim,
616 1261 846 1310 populosque
860 1263 1099 1312 propinquos,

164 1315 290 1364 Epiro,
315 1315 507 1365 Hesperia,
531 1313 682 1363 (quibus
700 1314 798 1352 idem
819 1315 1022 1353 Dardanus
1040 1322 1182 1362 auctor,

163 1370 289 1417 Atque
308 1369 403 1406 idem
426 1368 548 1418 casus)
570 1381 682 1404 unam
701 1368 878 1406 faciemus
898 1376 1096 1419 utramque

165 1422 316 1470 Trojam
338 1422 470 1459 animis
487 1435 494 1459 :
525 1427 673 1459 maneat
693 1427 841 1460 nostros
860 1435 903 1460 ea
921 1435 1010 1460 cura
1028 1430 1194 1472 nepotes.
1265 1424 1344 1462 505

219 1476 464 1514 Provehimur
483 1473 616 1525 pelago
636 1475 758 1512 vicina
778 1475 963 1513 Ceraunia
976 1476 1089 1525 juxta
1106 1489 1115 1520 ;

169 1529 282 1566 Unde
301 1530 372 1567 iter
393 1529 550 1574 Italiam,
572 1541 777 1578 cursusque
796 1530 1036 1567 brevissimus
1055 1529 1182 1569 undis.

165 1583 227 1619 Sol
243 1583 320 1621 ruit
339 1583 493 1626 interea,
515 1590 551 1620 et
572 1588 718 1619 montes
734 1583 958 1621 umbrantur
977 1584 1096 1633 opaci.

164 1637 373 1674 Stet-nimur
393 1642 544 1686 optatae
562 1635 706 1684 gremio
722 1636 868 1674 telluris
887 1637 935 1673 ad
955 1637 1109 1683 undam,

166 1690 297 1728 Sortiti
315 1703 448 1734 remos,
465 1690 677 1739 passimque
697 1689 734 1726 in
754 1689 882 1727 littore
901 1690 998 1727 sicco
1266 1691 1344 1729 510

166 1744 333 1793 Corpora
351 1757 523 1780 curamus
543 1755 551 1779 ε
580 1742 694 1779 fessos
714 1755 824 1792 sopor
843 1743 977 1792 irrigat
996 1748 1112 1782 artus.

166 1797 337 1834 Necdum
357 1798 484 1834 orbem
505 1796 669 1833 medium
689 1796 789 1840 Nox,
809 1796 911 1834 horis
930 1802 1024 1841 acta,
1046 1797 1193 1836 subibat
1215 1811 1224 1836 τ

164 1850 282 1888 Haud
301 1850 424 1899 segnis
444 1855 561 1887 strato
579 1849 701 1897 surgit
718 1849 930 1895 Palinurus,
952 1855 990 1887 et
1010 1851 1131 1888 omnis

166 1904 349 1951 Explorat
370 1911 512 1947 ventos,
534 1910 646 1951 atque
664 1902 817 1942 auribus
831 1906 918 1940 aera
937 1908 1063 1952 captat
1082 1915 1091 1941 ε

167 1958 298 1994 Sidera
319 1964 453 1994 cuncta
473 1962 579 1993 notat
600 1955 714 1994 tacito
728 1956 894 1993 labentia
912 1956 1040 1994 coelo:
1266 1959 1344 1998 515

165 2013 385 2056 Arcturum,
404 2010 622 2059 pluviasque
642 2008 811 2058 Hyadas,
831 2009 1075 2060 geminosque
1096 2009 1265 2059 Triones,

169 2066 443 2113 Armatumque
462 2075 553 2100 auro
572 2062 822 2112 circumspicit
843 2063 1002 2100 Oriona.

173 2118 370 2165 Postquam
392 2126 528 2154 cuncta
546 2116 649 2152 videt
669 2117 773 2153 coelo
793 2122 965 2155 constare
983 2128 1125 2162 sereno,

171 2171 248 2210 Dat
267 2172 406 2209 clarum
429 2184 449 2207 e
467 2170 583 2220 puppi
603 2169 750 2218 signum
767 2183 775 2213 ;
805 2182 874 2207 nos
889 2175 1011 2211 castra
1031 2182 1234 2217 movemus,

169 2225 450 2273 Tentamusque
465 2225 575 2267 viam,
597 2229 635 2259 et
655 2223 820 2260 velorum
842 2223 1041 2274 pandimus
1060 2223 1152 2262 alas.
1264 2228 1342 2267 520

220 2278 380 2328 Jamque
399 2277 617 2315 rubescebat
638 2277 754 2315 stellis
773 2278 921 2316 Aurora
939 2276 1090 2325 fugatis,

168 2332 292 2379 Quum
316 2332 444 2382 procul
466 2332 643 2370 obscuros
662 2330 775 2369 colles
798 2330 1049 2381 humilemque
1067 2330 1237 2373 videmus

166 2386 326 2427 Italiam.
384 2384 530 2427 Italiam
554 2384 694 2437 primus
713 2383 922 2425 conclamat
942 2384 1106 2426 Achates
1125 2396 1134 2426 t
