1475 2712
85 180 135 232 1.]
613 187 736 216 FASTI.
1215 174 1265 214 17

142 285 269 337 (Siste,
290 298 394 336 puer,
411 282 625 335 lacrymas‚)
644 284 716 322 ista
732 283 886 320 ferenda
904 281 974 321 tibi
992 285 1060 320 est.
1188 279 1267 319 480

89 340 151 378 Sic
170 344 250 378 erat
269 340 307 376 in
326 339 433 378 fatis:
463 351 532 375 neo
551 343 589 375 te
606 342 673 375 tua
691 336 801 386 culpa
818 336 975 386 fugavit,

143 393 219 430 Sed
238 393 352 430 deus:
383 392 523 429 offenso
537 390 666 440 pulsus
685 403 724 427 es
743 391 837 427 urbe
856 390 938 428 deo.

88 446 179 483 Non
193 446 319 484 meriti
337 458 484 494 poenam
502 445 652 493 pateris,
669 443 735 480 sed
755 443 919 480 numinis
939 442 1044 480 iram.

145 499 214 537 Est
234 499 377 549 aliquid
396 498 542 547 magnis
561 498 701 534 crimen
721 497 848 534 abesse
867 495 984 533 malis.

89 552 249 590 Conscia
268 565 371 590 mens
389 556 432 589 ut
451 552 585 600 cuique
604 563 671 588 sua
690 555 756 596 est,
777 550 831 588 ita
850 548 1012 598 concipit
1030 549 1130 587 intra
1184 548 1263 587 485

140 605 298 644 Pectora
319 618 384 655 pro
403 605 502 642 facto
522 616 700 654 spemque
715 607 932 652 metumque
947 615 1027 640 suo.

87 658 168 696 Nec
187 663 313 697 tamen
332 663 375 696 ut
393 658 533 708 primus
552 669 664 694 maere
684 657 780 694 mala
799 656 889 694 talia
908 668 1036 706 passus
1052 669 1061 694 ε

140 711 279 750 Obruit
297 712 468 761 ingentes
487 712 559 749 ista
576 711 739 760 procella
758 710 868 747 viros.

91 764 228 802 Passus
246 766 357 811 idem,
381 765 505 814 Tyriis
525 765 588 814 qui
608 764 797 812 quondam
816 762 945 812 pulsus
964 762 1012 800 ab
1030 761 1104 799 oris

140 818 304 855 Cadmus
323 819 363 855 in
380 818 502 856 Aonia
520 818 689 855 constitit
709 817 816 854 exsul
834 816 960 853 humo.
1187 814 1264 854 490

88 871 222 909 Passus
242 872 341 909 idem
363 872 526 921 Tydeus,
548 876 585 909 et
604 871 703 908 idem
720 871 920 919 Pagasaeus
941 868 1074 906 Iason:

140 925 191 963 Et
210 938 302 974 quos
322 931 502 974 praeterea
521 925 634 974 longa
653 924 790 961 referre
809 935 913 960 mora
929 927 996 960 est.

89 978 213 1016 Omne
233 979 352 1015 solum
370 979 459 1016 forti
478 979 597 1028 patria
616 983 672 1016 est
688 991 696 1021 ;
727 984 770 1016 ut
789 976 951 1026 piscibus
969 987 1096 1025 aequor
1116 988 1125 1013 ε

144 1031 198 1069 Ut
214 1032 365 1077 volucri,
387 1044 504 1069 vacuo
523 1031 701 1082 quiequid
720 1031 759 1068 in
775 1031 864 1068 orbe
884 1033 1001 1078 patet.

88 1085 168 1122 Nec
182 1085 260 1122 fera
279 1090 478 1134 tempestas
499 1091 579 1124 toto
599 1091 724 1124 tamen
743 1085 871 1121 horret
889 1084 929 1120 in
948 1095 1047 1121 anno
1068 1096 1076 1121 :
1189 1082 1266 1122 495

142 1137 192 1175 Et
212 1138 292 1182 tibi,
312 1139 422 1176 crede
440 1139 540 1184 mihi,
562 1132 730 1188 tempora
749 1137 844 1175 veris
863 1140 986 1174 erunt.

90 1191 254 1229 Vocibus
278 1192 451 1229 Evander
472 1193 616 1229 firmata
634 1196 760 1229 mente
778 1190 944 1241 parentis

142 1245 248 1282 Nave
267 1250 367 1283 secat
387 1246 536 1291 fluctus,
558 1245 856 1294 Hesperiamque
875 1248 994 1282 tenet.

87 1299 249 1347 Jamque
269 1304 387 1336 ratem
407 1300 528 1337 doctae
546 1300 693 1336 monitu
715 1297 926 1335 Carmentis
944 1297 985 1334 in
1004 1309 1152 1335 amnem

142 1351 295 1401 Egerat,
316 1357 354 1389 et
374 1353 508 1390 Tuscis
527 1353 658 1390 obvius
676 1353 754 1390 ibat
776 1351 894 1400 aquis.
1191 1351 1268 1390 500

91 1406 272 1443 Fluminis
291 1406 354 1442 illa
373 1406 482 1451 latus,
505 1406 565 1444 cui
584 1410 672 1444 sunt
692 1406 787 1443 vada
800 1405 934 1454 juncta
956 1404 1123 1452 Terenti,

143 1459 328 1508 Adspicit,
350 1464 387 1497 et
407 1473 550 1509 sparsas
570 1473 636 1509 per
655 1460 736 1497 loca
751 1459 829 1496 sola
848 1471 964 1496 casas.

92 1512 221 1561 thue
241 1518 331 1558 erat,
352 1513 522 1551 immissis
541 1513 695 1562 puppim
714 1513 819 1552 stetit
838 1518 925 1551 ante
945 1511 1098 1561 capillis,

145 1565 417 1615 Continuitque
436 1580 587 1604 manum
607 1571 714 1604 torva
732 1566 898 1615 regentis
916 1566 998 1603 iter.

95 1618 145 1656 Et
165 1620 295 1668 procul
315 1620 354 1656 in
373 1620 544 1658 dextram
563 1621 722 1658 tendens
740 1633 806 1657 sua
820 1619 972 1657 brachia
990 1619 1121 1670 ripam,
1195 1618 1272 1656 505

147 1672 263 1710 Pinea
282 1685 358 1711 non
373 1686 462 1711 sano
482 1679 539 1712 ter
559 1674 653 1723 pede
671 1679 777 1712 texta
795 1673 892 1711 serit.

94 1725 200 1762 Neve
218 1726 325 1764 daret
343 1727 479 1765 saltum
498 1740 700 1777 properans
719 1727 890 1765 insistere
905 1731 1026 1772 terrae,

147 1779 222 1815 Vix
243 1786 298 1817 est
322 1780 489 1817 Evandri
508 1782 642 1829 vixque
661 1786 808 1819 retenta
827 1793 951 1818 manu.

95 1832 220 1880 Dique
239 1834 453 1882 petitorum,
475 1835 581 1880 dixit,
603 1835 743 1872 salvete
761 1835 928 1872 locorum
946 1847 955 1879 ;

149 1886 283 1935 Tuque
302 1900 418 1925 novos
436 1889 527 1925 coelo
546 1893 646 1926 terra
665 1888 801 1926 datura
820 1888 909 1925 deos
925 1901 934 1931 ;
1193 1885 1271 1925 510

98 1938 355 1989 Fluminaque,
376 1946 414 1979 et
432 1942 566 1987 fontes,
588 1942 722 1990 quibus
742 1942 863 1980 utitur
881 1941 1030 1991 hospita
1048 1941 1173 1988 tellus,

148 1992 198 2030 Et
217 2005 421 2031 memorum
442 1995 641 2044 Nymphae,
662 1995 926 2044 Naiadumque
945 1995 1048 2033 chori
1068 2009 1076 2040 3

97 2045 188 2083 Este
206 2046 313 2084 bonis
332 2048 461 2085 avibus
484 2049 549 2085 visi
567 2054 730 2097 natoque
750 2049 916 2098 mihique
932 2062 940 2086 :

149 2098 323 2148 Ripaque
341 2101 438 2151 felici
456 2107 558 2140 tacta
577 2103 624 2140 sit
638 2102 710 2140 ista
729 2103 835 2152 pede.

98 2152 221 2189 Fallor
241 2152 260 2189 ἶ)
287 2165 335 2190 an
353 2153 393 2190 hi
408 2155 500 2193 fient
519 2155 690 2204 ingentia
709 2157 844 2193 moenia
864 2156 977 2194 colles
992 2156 1011 2193 Ῥ
1196 2155 1273 2193 515

147 2205 317 2254 «luraque
337 2207 383 2244 ab
402 2207 472 2246 hac
490 2214 590 2246 terra
609 2213 748 2246 caetera
767 2214 867 2247 terra
886 2209 1023 2259 petet?

97 2259 292 2296 Montibus
312 2260 367 2297 his
388 2261 476 2298 olim
494 2266 596 2300 totus
615 2262 848 2311 promittitur
867 2263 982 2300 orbis.

151 2312 246 2357 Quis
265 2319 414 2351 tantum
432 2315 499 2353 sati
519 2315 646 2353 credat
665 2315 802 2353 habere
821 2317 943 2354 locum
963 2316 982 2353 ἰ)

98 2365 149 2404 Et
161 2365 242 2414 jam
263 2365 465 2405 Dardaniae
485 2373 644 2418 tangent
663 2369 743 2406 haec
762 2369 888 2407 littora
906 2370 1028 2419 pinus.

150 2418 226 2456 Hic
245 2431 393 2470 quoque
412 2435 522 2460 causa
534 2423 621 2461 novi
639 2423 789 2460 foemina
804 2423 937 2462 Martis
956 2424 1039 2462 erit.
1201 2421 1279 2459 520

653 2476 684 2514 B
707 2476 731 2513 2
