1475 2712
542 188 735 216 AENEmos
756 188 786 214 1.
1204 177 1251 215 19

86 285 155 323 Per
175 289 231 322 tot
249 285 362 324 ducta
382 285 477 321 viros
496 284 647 333 antiqua
666 285 713 322 ab
731 284 876 333 origine
893 285 1034 333 gentis.

135 339 290 382 Aeneas,
310 351 429 387 neque
441 337 537 375 enim
552 337 692 387 patrius
710 339 913 375 consistere
930 344 1089 377 mentem

89 392 221 429 Passus
240 404 352 436 amor,
373 391 541 440 rapidum
562 391 610 428 ad
628 391 731 428 navis
749 391 956 440 praemittit
976 392 1157 434 Achaten,

84 445 243 482 Ascanio
261 445 354 482 ferat
372 445 463 481 haec
478 457 486 487 ;
514 444 707 492 ipsumque
724 444 771 481 ad
791 444 935 481 moenia
953 445 1065 483 ducat
1083 460 1090 482 :

82 497 214 535 Omnis
234 499 273 535 in
293 498 455 535 Ascanio
474 498 548 534 cari
567 502 641 535 stat
660 510 748 534 cura
768 497 942 547 parentis,
1169 497 1246 535 650

83 551 240 588 Munera
261 557 461 599 praeterea,
483 551 606 588 Iliacis
625 556 751 599 erepta
769 551 898 594 ruinis,

83 604 195 642 Ferre
201 604 311 653 jubet
330 618 338 648 ;
367 604 501 654 pallam
520 604 635 652 signis
652 616 814 652 auroque
833 605 1026 652 rigentem,

83 658 132 696 Et
152 658 431 696 circumtextum
453 670 582 694 croceo
601 657 767 694 velamen
785 657 955 701 acantho,

81 711 246 749 Ornatus
266 711 428 760 Argivae
447 710 624 754 Helenae,
645 723 736 759 quos
754 711 818 748 illa
839 711 1017 760 Mycenis,

81 764 260 813 Pergama
278 777 390 813 quum
411 769 552 813 peteret
570 764 877 812 inconcessosque
896 764 1146 814 Hymenaeos,
1169 764 1244 802 655

78 818 284 863 Extulerat‚
306 818 431 855 matris
450 817 575 854 Ledae
593 817 762 855 mirabile
788 817 940 854 donum.

78 871 272 908 Praeterea
290 876 487 920 sceptrum,
511 871 628 915 Ilione
645 871 745 919 quod
763 876 927 919 gesserat
946 870 1047 916 olim,

80 925 243 962 Maxima
260 930 429 962 natarum
454 924 600 968 Priami,
621 925 790 972 colloque
808 924 944 961 monile

78 976 289 1022 Baccatum,
308 983 346 1015 et
365 978 547 1026 duplicem
565 978 719 1026 gemmis
738 990 902 1026 auroque
921 990 1111 1015 coronam.

78 1031 182 1068 Haec
201 1031 374 1073 celerans,
395 1031 465 1068 iter
483 1031 530 1068 ad
550 1031 652 1068 navis
671 1031 849 1069 tendebat
868 1031 1045 1069 Achates.
1168 1030 1245 1068 660

129 1084 182 1122 At
203 1084 387 1133 Cytherea
406 1096 519 1121 novas
538 1084 638 1126 artis,
659 1097 755 1122 nova
773 1089 922 1134 pectore
941 1090 1063 1122 versat

79 1136 242 1174 Consilia
261 1151 269 1175 :
299 1142 353 1181 ut,
373 1137 502 1174 faciem
521 1143 686 1175 mutatus
704 1143 741 1176 et
760 1151 836 1182 ora,
859 1137 1007 1187 Cupido

80 1191 152 1228 Pro
170 1191 268 1228 dulci
289 1190 451 1228 Ascanio
469 1190 605 1234 veniat,
626 1191 806 1239 donisque
825 1191 1008 1229 furentem

78 1244 257 1282 Incendat
275 1244 450 1292 reginam,
471 1250 580 1292 atque
599 1245 740 1282 ossibus
759 1244 923 1293 implicet
940 1245 1062 1293 ignem
1081 1258 1089 1282 :

79 1297 226 1347 Quippe
238 1297 386 1334 domum
396 1298 503 1335 timet
517 1298 728 1346 ambiguam
745 1298 952 1347 Tyriosque
964 1298 1157 1347 bilinguis;
1168 1296 1243 1335 665

78 1350 165 1389 Urit
185 1356 290 1389 atrox
308 1349 332 1388 J
336 1364 423 1396 unc,
448 1356 484 1388 et
503 1352 575 1388 sub
593 1358 739 1388 noctem
754 1364 843 1389 cura
860 1357 1037 1389 recursat.

78 1404 180 1453 Ergo
198 1404 254 1441 his
273 1404 451 1453 aligerum
469 1404 579 1442 dictis
596 1405 731 1443 affatur
750 1406 924 1442 Amorem
944 1418 952 1443 :

74 1458 183 1503 Nate,
204 1470 306 1495 meae
325 1458 429 1501 vires,
450 1471 530 1495 mea
549 1471 684 1506 magna
711 1459 878 1508 potentia
897 1472 907 1502 ;
938 1458 1048 1502 solus,

74 1510 185 1555 Nate,
204 1512 317 1560 patris
337 1511 467 1548 summi
486 1512 547 1559 qui
562 1512 637 1549 tela
657 1512 826 1561 TyphoIa
852 1511 988 1549 temnis
1007 1524 1016 1555 ;

76 1564 138 1601 Ad
157 1570 195 1602 te
213 1565 399 1614 confugio,
419 1570 457 1602 et
476 1565 630 1614 supplex
649 1570 714 1603 tua
732 1565 885 1603 numina
903 1578 1026 1614 posco.
1168 1565 1245 1605 670

76 1617 206 1656 Frater
225 1622 266 1656 nt
286 1618 432 1655 Aeneas
451 1619 582 1668 pelago
601 1624 687 1656 tuus
706 1619 828 1655 omnia
848 1619 986 1656 circum

75 1671 222 1709 Littora
233 1671 410 1720 jactetur,
431 1672 524 1708 odiis
542 1672 567 1709 J
571 1672 703 1709 unonis
727 1672 886 1721 iniquae,

75 1725 179 1763 Nota
196 1725 264 1762 tibi
283 1738 291 1762 ε
321 1730 358 1762 et
378 1732 505 1762 nostro
522 1725 673 1763 doluisti
695 1739 803 1774 saepe
823 1726 963 1763 dolore.

75 1778 189 1816 Hunc
210 1778 407 1815 Phoenissa
425 1783 529 1817 tenet
549 1779 662 1824 Dido,
683 1779 901 1827 blandisque
920 1785 1086 1818 moratur

75 1832 238 1869 Vocibus
258 1845 266 1867 ε
298 1836 335 1869 et
354 1844 492 1874 vereor,
514 1845 587 1881 quo
606 1845 645 1870 se
663 1832 688 1869 J
691 1833 829 1869 unonia
848 1839 996 1871 vertant
1164 1836 1213 1876 67
1218 1839 1240 1874 5

74 1884 249 1935 Hospitia
265 1899 272 1923 :
302 1885 403 1922 haud
423 1890 528 1923 tanto
547 1886 704 1924 cessabit
723 1886 874 1923 cardine
894 1898 1029 1924 rerum.

78 1939 261 1984 Quocirca
279 1951 409 1987 capere
427 1944 515 1976 ante
533 1939 639 1984 dolis,
659 1945 697 1977 et
717 1940 867 1988 cingere
887 1940 1045 1986 flamma,

76 1992 259 2041 Reginam
278 1992 461 2036 meditor;
490 2005 537 2029 ne
556 2005 629 2041 quo
648 2006 687 2030 se
705 1994 857 2030 numine
876 1998 1008 2038 mutet,

74 2046 148 2083 Sed
165 2058 301 2094 magno
323 2046 473 2083 Aeneae
490 2058 633 2083 mecum
652 2052 826 2084 teneatur
839 2060 975 2085 amore.

75 2100 161 2145 Qua
179 2099 298 2136 facere
315 2098 354 2135 id
373 2099 501 2148 possis,
521 2105 686 2137 nostram
703 2113 804 2137 nunc
822 2100 947 2150 accipe
965 2107 1141 2139 mentem.
1163 2102 1240 2141 680

75 2152 230 2201 Regius,
251 2152 371 2189 accitu
390 2153 464 2189 cari
482 2153 673 2201 genitoris,
695 2154 743 2190 ad
763 2154 892 2191 urbem

74 2206 264 2243 Sidoniam
282 2217 374 2255 puer
391 2206 445 2242 ire
468 2212 584 2255 parat,
605 2219 685 2244 mea
704 2207 862 2244 maxima
880 2219 979 2251 cura,

73 2260 185 2297 Dona
201 2259 335 2303 ferens,
353 2259 488 2307 pelago
505 2266 542 2297 et
562 2260 717 2297 flammis
736 2261 915 2298 restantia
935 2261 1080 2311 Trojae,

73 2312 189 2350 Hunc
209 2325 279 2361 ego
298 2312 459 2361 sopitum
477 2325 619 2358 somno,
640 2326 750 2362 super
768 2313 845 2352 alta
864 2314 1041 2364 Cythera,

74 2367 155 2404 Aut
173 2379 283 2416 super
302 2365 471 2410 Idalium,
493 2372 635 2404 sacrata
653 2367 740 2404 sede
758 2367 969 2413 recondam,
1158 2369 1234 2408 685

74 2420 135 2458 Ne
153 2431 226 2470 qua
244 2419 338 2458 scire
355 2419 476 2466 dolos,
495 2419 685 2459 mediusve
703 2432 896 2459 occurrere
914 2421 1030 2472 possit
1045 2436 1056 2462 ς
