1414 2666
167 164 218 202 50
552 174 589 202 P.
619 175 740 203 ovum
766 175 929 203 NAsoms
1239 164 1337 216 [Lm.

163 270 252 307 Non
271 270 349 308 haec
367 271 430 308 ille
447 271 539 309 deus
557 276 747 322 tantaeque
763 272 977 322 propaginis
994 277 1124 316 auctor

219 324 389 363 Credidit
408 325 536 362 officiis
555 338 632 363 esse
650 328 794 363 minora
812 327 915 364 suis:

165 377 463 428 promissumque
483 379 553 416 sibi
573 381 690 418 voluit
708 392 941 430 praenoscere
960 379 1122 425 coelum3

216 432 296 469 Nec
311 433 403 469 deus
419 434 569 481 ignotas
586 433 719 483 hospes
737 434 832 471 inire
850 435 991 472 domos
1259 435 1336 474 160

163 484 231 522 Ille
248 498 369 523 moras
388 487 484 532 solis,
505 487 638 535 quibus
655 489 696 524 in
714 500 782 525 sua
799 488 907 537 signa
925 489 1077 535 rediret,

212 538 390 577 Traditur
409 542 549 578 exactis
568 541 793 591 disposuisse
813 541 927 579 notis.

160 591 196 629 Is
215 592 336 629 decies
355 607 462 631 senos
480 601 686 633 tercentum
701 601 739 633 et
757 596 920 644 quinque
938 595 1070 634 diebus

208 646 234 683 J
237 648 359 692 unxit,
380 655 418 685 et
436 661 456 685 e
475 649 586 698 pleno
605 657 777 698 tempora
794 656 926 698 quarta
940 650 1016 687 die.

156 699 231 737 Hic
250 702 340 737 anni
359 702 491 739 modus
511 708 579 740 est.
637 703 682 739 In
700 704 860 741 lustrum
878 703 1056 744 accedere
1074 703 1200 752 debet,
1257 705 1332 744 165

210 754 305 799 Quae
321 765 601 794 consummatur
617 757 798 806 partibus,
815 769 892 793 una
909 756 1002 794 dies.

158 860 196 897 Si
216 860 302 897 licet
322 861 487 898 occultos
507 861 670 898 monitus
690 861 820 898 audire
839 861 996 899 deorum

210 913 368 952 Vatibus
388 927 395 957 ;
427 921 468 952 ut
487 920 588 952 certe
606 915 705 952 fama
720 915 832 952 licere
849 921 960 964 putat
975 929 984 954 :

161 968 257 1005 Cum
278 969 326 1005 sis
346 969 484 1013 officiis,
509 969 686 1014 Gradive,
707 966 876 1006 virilibus
895 976 1017 1019 aptus,

213 1022 286 1059 Dic
306 1022 407 1067 mihi,
429 1029 609 1059 matronae
625 1035 691 1059 cur
710 1029 776 1061 tua
793 1023 888 1061 festa
901 1023 1037 1062 colant.
1256 1024 1331 1064 170

158 1076 217 1113 Sic
236 1089 323 1124 ego:
355 1076 405 1112 sic
420 1077 538 1125 posita
558 1076 654 1114 dixit
672 1077 763 1113 mihi
780 1077 921 1114 casside
941 1077 1103 1124 Mavors,

210 1130 285 1167 Sed
304 1138 428 1167 tamen
446 1130 486 1166 in
505 1131 638 1168 dextra
658 1131 804 1168 missilis
822 1131 929 1168 hasta
946 1131 1019 1170 fuit
1043 1144 1052 1176 ;

157 1184 268 1220 Nunc
288 1184 446 1233 primum
465 1185 599 1222 studiis
614 1185 724 1234 pacis,
745 1185 837 1222 deus
857 1184 958 1222 utilis
969 1186 1091 1231 armis,

211 1238 399 1282 Advocor,
421 1244 458 1275 et
477 1250 625 1286 gressus
643 1238 683 1274 in
694 1251 792 1275 nova
811 1244 931 1276 castra
949 1239 1041 1276 fero.

158 1291 193 1327 N
196 1304 236 1328 ec
257 1291 359 1340 piget
377 1292 526 1340 incepti.
563 1291 588 1328 J
592 1298 681 1329 uvat
699 1292 769 1329 hac
787 1304 932 1340 quoque
951 1301 1057 1342 parte
1074 1293 1234 1331 morari:
1254 1294 1329 1334 175

210 1345 295 1382 Hoc
315 1345 428 1381 solam
449 1358 496 1382 ne
513 1358 552 1382 se
571 1358 678 1394 posse
699 1346 871 1383 Minerva.
889 1352 1009 1395 putet.

158 1399 281 1443 Disce,
303 1398 523 1436 Latinorum
542 1407 646 1436 vates
665 1411 819 1448 operose
838 1399 994 1444 dierum,

209 1452 323 1498 Quod
341 1453 435 1502 petis
451 1466 458 1490 :
489 1458 527 1490 et
545 1454 699 1489 memori
717 1460 867 1502 pectore
885 1453 986 1491 dicta
1002 1451 1121 1493 nota.'

159 1507 279 1543 Parva
297 1506 378 1552 fuit,
401 1506 429 1543 si
451 1507 570 1556 prima
590 1507 680 1544 velis
700 1507 884 1544 elementa
902 1508 1051 1554 referre,

211 1560 355 1604 Roma3
387 1561 452 1597 sed
470 1561 509 1596 in
529 1573 642 1609 parva
661 1573 743 1610 spes
762 1566 888 1598 tamen
906 1561 1017 1610 hujus
1037 1567 1131 1600 erat.
1253 1563 1328 1601 180

158 1614 295 1652 Moenia
309 1614 386 1663 jam
407 1615 568 1659 stabant,
589 1615 736 1664 populis
755 1620 915 1664 augusta
932 1615 1077 1662 futuris,

210 1668 362 1705 Credita
380 1668 444 1704 sed
466 1669 583 1705 turbae
603 1676 694 1706 tunc
713 1669 822 1705 nimis
842 1668 964 1718 ampla
981 1682 1073 1707 suae.

157 1722 250 1767 Quae
272 1722 382 1759 fuerit
401 1723 530 1767 nostri,
551 1723 582 1758 si
601 1723 744 1770 quaeris,
766 1723 870 1771 regia
888 1723 965 1760 nati
980 1736 989 1767 ;

213 1776 373 1825 Adspice
393 1776 439 1812 de
458 1789 577 1812 canna
596 1777 910 1825 straminibusque
929 1777 1095 1816 domum.

156 1830 198 1866 In
219 1830 355 1879 stipula
375 1830 509 1878 placidi
529 1831 705 1878 carpebat
726 1843 879 1867 munera
899 1832 1018 1883 somni
1038 1845 1046 1868 :
1249 1832 1324 1870 185

209 1883 258 1921 Et
278 1892 403 1920 tamen
423 1896 469 1919 ex
488 1884 552 1920 illo
572 1884 675 1921 venit
695 1885 733 1920 in
754 1892 852 1920 astra
872 1890 967 1920 toro.

152 1937 312 1985 Jamque
330 1937 411 1973 loco
431 1937 547 1985 majus
567 1949 702 1973 nomen
724 1939 917 1974 Romanus
936 1937 1098 1976 habebat
1119 1953 1126 1977 :

208 1992 287 2028 Nec
307 1992 442 2039 conjux
461 1991 525 2036 illi,
546 2003 615 2027 nec
634 2004 737 2027 socer
755 1991 853 2027 ullus
869 1997 960 2028 erat.

155 2045 387 2094 Spernebant
405 2057 563 2092 generos
583 2045 710 2094 inopes
728 2045 863 2082 vicinia
882 2045 985 2082 dives
1006 2059 1014 2083 ε

208 2099 256 2137 Et
276 2099 371 2135 male
390 2099 566 2134 credebar
585 2098 777 2147 sanguinis
795 2104 926 2136 auctor
945 2112 1027 2148 ego.
1245 2101 1321 2140 190

154 2152 196 2189 In
217 2153 371 2190 stabulis
392 2153 586 2197 habitasse,
606 2153 720 2189 boves
737 2153 891 2202 pavisse,
911 2154 1080 2201 nocebat,

203 2207 227 2243 J
232 2219 418 2255 ugeraque
437 2207 570 2244 inculti
588 2219 705 2255 pauca
724 2213 852 2244 tenere
871 2206 951 2244 soli.

153 2259 246 2297 Cum
267 2273 356 2310 pare
376 2272 532 2309 quaeque
551 2272 618 2296 suo
637 2266 774 2298 coeunt
792 2261 1034 2309 volucresque
1053 2262 1214 2312 feraeque
1230 2277 1238 2301 :

202 2315 328 2363 Atque
347 2314 517 2362 aliquam,
538 2315 585 2350 de
603 2326 674 2361 qua
693 2320 872 2363 procreet,
893 2314 1025 2362 anguis
1045 2316 1169 2355 habet.

151 2367 338 2405 Extremis
356 2368 494 2404 dantur
513 2368 698 2404 connubia
716 2369 893 2416 gentibus
913 2382 921 2412 ;
953 2375 1002 2414 at,
1023 2382 1106 2419 quae
1242 2371 1315 2409 195

203 2422 374 2458 Romano
390 2421 501 2458 vellet
519 2422 671 2468 nubere,
692 2422 795 2459 nulla
813 2423 896 2460 fuit.
