1414 2666
142 163 165 201 6
532 174 570 204 Ρ.
599 175 722 204 ovmn
749 176 914 204 NASONIS
1227 165 1321 216 [ΜΒ.

138 270 210 308 Per
230 271 390 309 totidem
409 283 553 309 menses
572 284 594 309 a
607 271 740 310 funere
759 272 930 322 conjugis
951 284 1049 310 uxor
1267 275 1318 312 35

195 323 366 363 Sustinet
384 325 425 361 in
445 325 559 363 vidua
577 325 701 364 tristia
720 326 828 376 signa
842 327 968 364 domo.

140 377 227 415 Hoc
244 378 362 427 igitur
381 378 476 416 vidit
495 379 656 418 trabeati
674 392 764 417 cura
785 380 950 426 Quirini,

193 430 292 469 Cum
310 432 468 469 rudibus
487 433 635 482 populis
654 446 779 471 annua
793 433 883 482 jura
903 434 1026 471 daret.

142 485 277 523 Martis
292 491 373 523 erat
392 485 533 535 primus
552 487 699 532 mensis,
721 487 954 536 Venerisque
974 487 1161 526 secundus
1181 502 1189 526 :

196 538 293 576 Haec
312 539 461 588 generis
480 540 664 589 princeps,
685 540 802 590 ipsius
819 541 883 578 ille
901 547 1020 591 pater.
1275 542 1327 580 40

144 591 297 630 Tertius
316 606 339 630 a
360 593 530 639 Senibus,
550 593 744 631 Juvenum
764 595 812 632 de
831 595 983 633 nomine
1001 600 1156 644 quartus
1176 610 1185 634 ι

200 645 296 691 Quae
317 647 499 696 sequitur,
519 659 677 684 numero
696 649 809 686 turba
826 654 959 687 notata
977 650 1061 687 suit.

146 700 199 737 At.
222 700 346 737 Numa
366 713 435 737 nec
454 700 479 737 J
483 713 608 746 anum,
629 714 699 738 nec
717 701 836 739 avitas
855 703 1025 751 praeterit
1044 703 1194 741 umbras
1217 717 1224 741 :

202 753 397 791 Mensibus
418 754 582 803 antiquis
601 754 751 792 addidit
768 755 832 792 ille
851 756 958 794 duos.

147 869 212 906 NE
231 875 358 908 tamen
377 870 528 919 ignores
546 870 736 908 variorum
749 871 838 921 jura
857 872 1000 910 dierum
1019 886 1028 917 ;
1281 877 1330 914 45

202 923 291 960 Non
308 924 422 962 habet
441 924 552 961 officii
573 924 725 962 Lucifer
742 925 862 962 omnis
880 926 993 963 idem.

155 976 224 1014 Ille
244 977 424 1015 Nefastus
442 977 525 1024 erit,
545 991 612 1029 per
631 991 742 1028 quem
762 979 835 1016 tria
853 980 966 1017 verba
985 980 1143 1020 silentur
1164 997 1172 1027 ;

200 1030 336 1069 Fastus
356 1031 442 1078 erit,
463 1044 530 1081 per
555 1044 666 1082 quem
684 1032 770 1081 lege
781 1033 908 1071 licebit
922 1033 994 1082 agi.

153 1085 240 1122 Neu
259 1089 341 1122 toto
361 1090 528 1134 perstare
546 1086 608 1123 die
627 1098 694 1123 sua
706 1085 795 1134 jura
809 1087 953 1135 putaris
973 1100 981 1132 ;

207 1138 284 1183 Qui
298 1138 377 1187 jam
398 1138 532 1177 Fastus
551 1139 633 1185 erit,
654 1151 764 1176 mane
783 1140 962 1178 Nefastus
981 1147 1075 1180 erat,
1282 1146 1333 1183 50

152 1193 252 1229 Nam
271 1192 382 1229 simul
400 1197 488 1230 exta
507 1193 578 1230 deo
598 1193 687 1230 data
708 1197 808 1239 sunt,
828 1193 916 1231 licet
934 1195 1060 1232 omnia
1077 1196 1159 1243 fari,

206 1245 406 1294 Verbaque
423 1246 630 1284 honoratus
646 1246 766 1283 libera
785 1252 923 1295 praetor
943 1247 1068 1287 habet.

154 1299 224 1337 Est
239 1311 400 1348 quoque,
422 1312 495 1348 quo
514 1300 693 1349 populum
708 1299 771 1348 jus
789 1305 847 1338 est
864 1300 1056 1339 includere
1075 1305 1210 1355 septis;

207 1352 276 1390 Est
295 1365 455 1402 quoque,
477 1353 541 1402 qui
559 1366 660 1390 nono
679 1366 824 1402 semper
842 1354 890 1390 ab
908 1354 998 1392 orbe
1016 1356 1126 1396 redit.

152 1406 333 1445 Vindicat
350 1407 538 1444 Ausonias
556 1407 582 1444 J
586 1407 721 1443 unonis
740 1419 829 1444 cura
850 1407 1041 1446 Kalendas
1065 1423 1073 1448 ε
1289 1414 1338 1452 5”

210 1459 339 1496 Idibus
360 1460 445 1497 alba
463 1460 489 1497 J
492 1460 553 1497 ovi
571 1460 752 1509 grandior
771 1473 870 1508 agna
889 1461 1000 1499 cadit.

157 1513 355 1551 Nonarum
375 1513 494 1551 tutela
513 1514 584 1552 deo
604 1519 718 1551 caret.
777 1514 962 1552 Omnibus
981 1515 1073 1563 istis,

212 1567 272 1604 Ne
290 1567 420 1604 fallare
439 1580 540 1613 cave,
561 1567 752 1617 proximus
773 1568 869 1605 Ater
887 1568 968 1606 erit.

162 1620 285 1658 Omen
305 1621 353 1658 ab
368 1626 505 1659 eventu
525 1627 601 1660 est:
631 1621 704 1658 illis
723 1634 809 1658 nam
830 1621 953 1659 Roma
972 1623 1104 1662 diebus

211 1674 362 1711 Damna
381 1675 451 1711 sub
471 1675 628 1712 adverso
649 1675 773 1713 tristia
793 1675 917 1713 Marte
936 1677 1037 1715 tulit.
1289 1681 1340 1720 60

161 1727 258 1765 Haec
275 1728 366 1764 mihi
385 1728 487 1767 dicta
505 1729 629 1773 semel,
651 1729 741 1767 totis
760 1728 941 1767 haerentia
959 1730 1074 1777 fastis,

215 1781 275 1818 Ne
294 1782 426 1818 seriem
445 1795 570 1819 rerum
591 1782 761 1820 scindere
780 1795 905 1832 cogar,
926 1790 1051 1822 erunt.

163 1835 263 1872 Ecce
281 1835 351 1872 tibi
369 1835 545 1881 faustum,
569 1836 804 1881 Germanice,
825 1836 976 1874 nuntiat
996 1850 1147 1887 annum,

218 1888 339 1937 Inque
358 1902 440 1926 meo
459 1890 600 1938 primus
619 1889 782 1927 carmine
802 1888 921 1927 Janus
940 1890 1059 1930 adest.

160 1941 259 1979 Jane
277 1942 414 1990 biceps,
435 1943 524 1979 anni
543 1944 658 1981 tacite
674 1943 834 1980 labentis
854 1944 971 1992 origo,
1295 1949 1346 1987 65

218 1995 327 2032 Solus
346 1996 394 2033 de
413 1996 556 2044 superis
575 1997 639 2046 qui
658 2001 724 2034 tua
738 2001 845 2045 terga
863 1997 989 2042 vides3

166 2048 313 2086 Dexter
332 2049 421 2086 ades
441 2050 610 2096 ducibus,
632 2063 791 2099 quorum
810 2063 941 2088 secura
960 2051 1087 2090 labore

218 2101 309 2140 Otia
326 2107 426 2140 terra
443 2102 559 2149 ferax,
580 2103 656 2142 otia
675 2109 812 2153 pontus
831 2104 922 2152 agit.

166 2156 312 2193 Dexter
327 2156 415 2193 ades
434 2158 677 2206 patribusque
696 2158 782 2203 tuis,
803 2158 1015 2207 populoque
1036 2159 1198 2207 Quirini,

220 2209 272 2247 Et
290 2222 414 2247 resera
428 2216 526 2248 nutu
545 2211 698 2249 condita
716 2211 856 2260 templa
875 2215 953 2249 tuo.
1292 2218 1342 2259 70

167 2261 351 2312 Prospera
369 2264 435 2301 lux
451 2265 571 2302 oritur
586 2279 595 2303 ε
625 2265 839 2314 linguisque
857 2265 1065 2315 animisque
1083 2266 1218 2308 favete.

221 2316 338 2366 Nunc
353 2317 513 2355 dicenda
531 2319 631 2356 bono
650 2323 740 2356 sunt
758 2319 858 2355 bona
871 2319 984 2356 verba
1002 2320 1078 2358 die.

170 2369 255 2407 Lite
274 2376 408 2409 vacent
422 2384 541 2418 aures,
562 2373 766 2420 insanaque
783 2372 955 2421 protinus
973 2373 1097 2415 absint

220 2422 245 2461 J
249 2424 356 2474 urgia
376 2437 384 2462 :
407 2425 515 2462 differ
532 2439 637 2477 opus,
657 2426 773 2464 livida
791 2425 926 2474 lingua,
947 2430 1067 2467 tuum.
