1475 2712
132 198 181 250 1.]
662 209 786 236 FASTI·
1265 197 1314 236 10

136 307 303 344 Venerat
321 310 360 344 et
377 306 501 343 senior
518 304 643 354 pando
662 304 809 342 Silenus
826 304 951 352 asello,

191 359 342 409 Quique
360 360 474 397 rubro
492 359 644 409 pavidas
661 358 818 406 inguine
836 363 953 397 terret
972 370 1071 396 aves.
1235 359 1314 397 400

135 413 272 451 Dulcia
291 413 354 461 qui
372 413 529 462 dignum
542 424 673 449 nemus
687 412 727 448 in
745 412 917 450 convivia
937 412 1040 450 nacti

190 466 370 504 Gramine
384 466 528 504 vestitis
547 465 752 502 accubuere
770 465 874 502 toris.

134 520 234 558 Vina
252 520 366 557 dabat
382 519 495 556 Liber
515 532 523 556 :
554 519 693 556 tulerat
713 518 782 555 sibi
802 519 959 568 quisque
978 531 1170 557 coronam.

185 573 396 611 Miscendas
413 585 523 622 parce
540 572 641 609 rivus
656 572 791 620 agebat
810 585 935 621 aquas.

133 627 275 664 Naides
294 626 418 664 effusis
437 626 516 663 aliae
535 626 614 662 sine
632 625 790 674 pectinis
808 639 891 671 usu,
1232 625 1310 664 405

181 680 271 718 Pars
288 680 443 718 aderant
462 679 590 729 positis
610 683 690 716 arte
708 691 896 728 manuque
915 679 1042 716 comis.

132 734 202 771 Illa
220 746 330 783 super
350 746 453 770 suras
471 733 636 771 tunicam
654 732 812 771 collecta
830 732 1016 771 ministrat
1032 746 1041 777 3

185 787 318 825 Altera
337 787 479 825 dissuto
492 791 622 836 peetus
637 790 767 836 aperta
785 786 880 824 sinu.

131 841 281 878 Exserit
298 841 376 878 haee
394 841 589 877 humerum
609 853 617 883 ;
648 845 788 878 vestem
808 840 924 878 trahit
943 840 1006 877 illa
1025 852 1090 890 per
1108 839 1253 886 herbas,

184 894 399 944 Impediunt
421 899 569 932 teneros
588 893 737 930 vincula
757 894 861 930 nulla
888 894 1016 943 pedes.
1230 895 1309 932 410

128 948 233 985 Hinc
252 948 333 984 aliae
356 948 499 997 Satyris
517 947 690 984 incendia
707 947 813 984 mitia
831 948 1001 996 praebent
1019 960 1028 991 3

180 1001 268 1038 Pars
287 1002 367 1047 tibi,
388 1001 452 1050 qui
471 1001 562 1050 pinu
578 1005 746 1049 tempora
764 1013 861 1038 nexa
878 1001 990 1048 geris.

131 1054 187 1092 Te
206 1066 365 1103 quoque,
387 1055 602 1092 inextinotae
623 1054 749 1091 Silene
767 1054 944 1099 libidinis,
966 1060 1094 1092 urunt.

179 1108 359 1155 Nequitia
378 1114 445 1153 est,
467 1120 548 1157 quae
567 1112 605 1145 te
624 1120 700 1144 non
720 1107 809 1146 sinit
828 1120 907 1144 esse
925 1120 1064 1145 senem.

131 1161 185 1199 At
203 1162 327 1205 ruber,
349 1161 544 1199 hortorum
563 1161 677 1197 decus
697 1166 735 1198 et
753 1161 884 1206 tutela,
907 1161 1065 1212 Priapus
1232 1164 1309 1201 415

182 1214 368 1251 Omnibus
387 1227 433 1251 ex
452 1215 523 1251 illis
543 1213 682 1251 Lotide
701 1219 833 1263 captus
852 1220 945 1252 erat.

126 1266 238 1305 Hane
258 1268 373 1317 cupit,
393 1268 490 1305 hano
509 1271 615 1316 optat
633 1278 642 1304 :
672 1267 750 1304 sola
768 1268 931 1316 suspirat
949 1268 989 1304 in
1007 1267 1071 1304 illa
1091 1281 1100 1312 ;

181 1321 370 1370 Signaque
385 1322 450 1359 dat
470 1329 577 1365 nutu,
594 1321 830 1370 solicitatque
848 1322 958 1359 notis.

131 1374 264 1412 Fastus
278 1376 376 1412 inest
393 1374 568 1423 pulchris,
586 1375 828 1423 sequiturque
848 1375 1021 1424 superbia
1039 1374 1206 1414 formam.

183 1428 336 1465 Irrisum
356 1429 463 1466 vultu
482 1427 639 1476 despicit
658 1428 721 1464 illa
735 1439 816 1465 suo.
1229 1429 1307 1467 420

129 1481 217 1518 Nox
236 1488 316 1519 erat
335 1494 344 1519 ε
372 1487 421 1526 et,
442 1482 530 1518 vino
550 1493 720 1517 somnum
739 1482 911 1526 faciente,
927 1481 1105 1530 jacebant

184 1535 352 1584 Corpora
371 1535 525 1572 diversis
545 1533 644 1571 victa
663 1547 795 1583 sopore
814 1535 918 1571 loeis.

130 1587 237 1626 Lotis
256 1588 295 1624 in
315 1589 483 1632 herbosa,
505 1590 575 1626 sub
595 1588 737 1625 acernis
756 1588 888 1625 ultima
906 1589 1031 1634 ramis,

177 1641 283 1680 Siout
302 1647 381 1679 erat
399 1643 484 1679 lusu
502 1642 597 1679 fessa
615 1642 756 1691 quievit
770 1642 898 1679 humo.

128 1695 259 1743 Surgit
279 1709 430 1739 amans;
461 1697 695 1744 animamque
714 1700 858 1740 tenens,
879 1696 1037 1745 vestigia
1055 1696 1184 1734 furtim
1230 1696 1306 1733 425

181 1749 368 1798 Suspenso
385 1749 513 1798 digitis
532 1749 605 1786 fert
624 1749 813 1786 taciturna
827 1749 964 1796 gradu.

129 1801 183 1839 Ut
201 1803 329 1852 tetigit
348 1803 465 1840 niveae
487 1808 627 1840 secreta
646 1802 783 1839 cubilia
803 1802 990 1851 Nymphae
1011 1815 1020 1846 ;

181 1855 268 1904 Ipsa
286 1856 342 1892 sui
362 1857 472 1893 flatus
491 1869 539 1892 ne
559 1861 666 1893 sonet
685 1868 786 1900 aura,
808 1860 928 1893 cavet.

127 1908 177 1945 Et
190 1909 269 1957 jam
288 1910 445 1947 finitima
464 1922 598 1958 corpus
617 1909 780 1946 librabat
798 1909 837 1945 in
858 1908 973 1945 herba
993 1922 1001 1946 ε

178 1962 247 1999 Illa
265 1969 390 2000 tamen
410 1964 516 2000 multi
532 1963 642 2012 plena
662 1963 803 2011 soporis
823 1968 914 2000 erat.
1228 1963 1306 2001 430

127 2015 279 2054 Gaudet
295 2030 303 2059 ;
333 2022 370 2054 et
389 2030 410 2053 a
429 2018 585 2066 pedibus
605 2021 726 2054 tracto
746 2016 939 2062 velamine,
961 2019 1048 2053 vota

179 2070 242 2106 Ad
261 2083 327 2106 sua
345 2070 442 2106 felici
459 2074 620 2119 eoeperat
638 2070 691 2106 ire
711 2069 782 2106 via.

126 2122 225 2159 Ecce
243 2123 382 2159 rudens
400 2136 513 2161 rauco
534 2123 650 2160 Sileni
668 2129 795 2160 vector
815 2121 949 2160 asellus

180 2176 464 2225 Intempestivos
484 2177 604 2214 edidit
623 2189 687 2214 ore
702 2189 826 2213 sonos.

127 2229 276 2267 Territa
290 2242 518 2279 consurgens
537 2231 573 2266 N
575 2230 712 2279 ymphe
731 2230 975 2278 manibusque
996 2229 1172 2278 Priapum
1226 2230 1303 2269 435

178 2282 329 2331 Rejioit,
351 2290 389 2321 et
407 2284 554 2332 fugiens
574 2283 737 2320 eoncitat
757 2295 866 2320 omne
886 2295 1030 2320 nemus.

126 2335 181 2373 At
195 2336 298 2381 deus,
316 2338 488 2374 obseaena
504 2338 658 2374 nimium
679 2348 829 2385 quoque
848 2341 955 2385 parte
974 2341 1138 2386 paratus,

182 2388 369 2427 Omnibus
388 2391 436 2427 ad
455 2391 553 2429 lunae
571 2390 714 2428 lumina
733 2390 828 2426 risus
847 2393 940 2427 erat.

127 2442 252 2481 Morte
271 2443 376 2482 dedit
395 2457 522 2494 poenas
541 2449 672 2483 auctor
691 2443 861 2481 clamoris
878 2457 885 2481 :
916 2447 953 2481 et
971 2443 1059 2482 hinc
1079 2448 1135 2483 est
