1414 2666
137 159 187 196 54

578 169 790 197 CARMINUM
816 169 873 196 111.

658 277 774 303 LYmA
779 295 786 303 .

356 332 593 379 Quamquam
611 331 734 370 sidere
752 331 944 382 pulchrior

244 385 314 423 Ille
333 390 400 431 est,
423 390 465 423 tu
484 385 600 422 levior
619 386 769 432 cortice,
792 390 831 424 et
849 384 1021 435 improbo

353 438 573 476 Iracundior
590 438 738 477 Hadria
752 452 761 484 ;

244 492 386 530 Tecum
406 492 530 530 vivere
549 505 681 536 amem,
701 500 825 531 tecum
847 493 978 530 obeam
994 491 1126 529 libens.

510 584 599 623 ΟΜ]
621 583 789 622 §sl-Ad
805 584 937 635 Lycen.

244 665 475 703 EXTREMUM
497 665 644 702 Tanain
658 665 689 702 si
708 665 866 709 biberes,
889 664 1004 713 Lyce,

241 720 360 757 Saevo
380 725 500 768 nupta
514 719 605 764 viro,
627 731 686 756 me
705 723 831 757 tamen
851 730 1000 767 asperas

242 773 464 811 Porrectum
483 776 572 810 ante
589 771 687 809 fores
707 771 869 820 objicere
888 771 1020 808 incolis

347 826 516 864 Plorares
535 823 799 874 Aquilonibus.

239 880 372 926 Audis,
394 892 469 929 quo
489 878 650 928 strepitu
663 877 793 927 janua,
815 890 889 927 quo
908 890 1039 915 nemus

239 934 345 972 Inter
364 933 521 983 pulchra
541 936 664 970 satum
684 937 786 970 tecta
803 931 993 981 remugiat

238 988 372 1026 Ventis
388 1000 397 1032 ;
428 992 466 1025 et
484 986 624 1036 positas
643 991 686 1023 ut
704 985 843 1035 glaciet
861 985 966 1023 nives

349 1041 451 1078 Puro
475 1040 629 1078 numine
643 1039 797 1089 Jupiter
811 1039 831 1076 t>

240 1096 434 1145 Ingratam
453 1094 605 1139 Veneri,
622 1105 721 1143 pone
740 1093 963 1143 superbiam,

236 1149 309 1195 Ne,
331 1153 506 1187 currente
524 1152 620 1193 rota,
641 1147 742 1184 funis
762 1151 823 1185 eat
841 1151 958 1185 retro.

238 1203 327 1241 Non
345 1208 385 1240 te
406 1201 621 1250 Penelopen
640 1200 830 1238 difficilem
855 1200 977 1249 procis

349 1256 569 1306 Tyrrhenus
585 1254 719 1303 genuit
736 1266 886 1304 parens.

239 1310 287 1355 O,
307 1309 474 1359 quamvis
494 1321 616 1358 neque
628 1313 666 1346 te
682 1320 851 1354 munera,
871 1319 941 1344 nec
960 1318 1099 1356 preceS,

237 1365 319 1401 Nec
337 1364 480 1402 tinctus
499 1363 598 1399 viola
616 1362 737 1411 pallor
755 1361 976 1406 amantium,

233 1417 315 1455 Nec
335 1417 391 1453 vir
413 1416 531 1453 Pieria
549 1415 682 1465 pellice
701 1415 849 1452 saucius

341 1471 485 1508 Curvat
505 1483 513 1514 ;
545 1469 776 1518 supplicibus
794 1468 870 1506 tuis

238 1525 386 1570 Parcas,
407 1536 477 1561 nec
494 1523 617 1572 rigida
635 1522 783 1560 mollior
802 1521 962 1567 aesculo,

233 1579 315 1616 Nec
335 1577 480 1615 Mauris
500 1576 665 1614 animum
684 1576 812 1614 mitior
831 1575 1017 1625 anguibus
1037 1576 1046 1614 ἱ
1086 1589 1098 1595 ‘⁴

237 1632 327 1670 Non
345 1632 416 1669 hoc
436 1643 580 1680 semper
599 1630 671 1668 erit
689 1629 840 1676 liminis,
861 1634 928 1668 aut
945 1642 1065 1680 aquae

345 1684 538 1731 Coelestis,
559 1684 705 1734 patiens
724 1684 838 1722 latus.

401 1805 405 1809 ,
441 1764 532 1802 ODE
554 1763 750 1801 XL-Ad
765 1763 1005 1801 Mercurium.

236 1844 442 1890 MERCURI,
463 1855 562 1889 nam,
582 1847 622 1881 te
640 1841 772 1880 docilis
789 1841 982 1891 magistro,

238 1896 365 1935 Movit
383 1896 576 1946 Amphion
590 1896 733 1944 lapides
752 1895 945 1940 canend03

235 1951 382 2001 Tuque,
405 1950 587 1996 Testudo,
608 1961 784 1987 resonare
803 1952 948 1998 septem

453 2003 599 2041 Callida
617 2003 752 2049 nervis,

236 2058 318 2096 Nec
336 2058 475 2108 loquax
493 2057 582 2095 olim
602 2069 724 2106 neque
742 2060 864 2106 grata,
883 2067 988 2094 nunc
1006 2061 1047 2096 et

238 2112 413 2151 Divitum
431 2111 568 2148 mensis
587 2115 626 2148 et
644 2110 762 2147 amica
780 2109 930 2159 templis
946 2123 956 2155 ;

235 2165 312 2204 Dic
330 2165 472 2211 modos,
493 2165 603 2215 Lyde
622 2164 758 2214 quibus
777 2164 984 2203 obstinatas

450 2218 628 2268 Applicet
646 2230 754 2256 aures
773 2231 783 2256 ε

233 2274 352 2320 Quae,
371 2273 475 2311 velut
494 2273 579 2311 latis
593 2285 690 2322 equa
708 2271 820 2311 trima
839 2271 991 2322 campis,

235 2328 355 2366 Ludit
373 2326 558 2372 exsultim,
579 2326 789 2375 metuitque
807 2325 926 2375 tangi,

236 2381 467 2432 Nuptiarum
487 2392 633 2430 expers,
652 2385 690 2418 et
710 2380 832 2419 adhuc
849 2383 1027 2431 protervo

448 2434 577 2472 Cruda
595 2434 744 2473 marito.

1263 1149 1314 1187 10

1262 1685 1314 1723 20

1261 2326 1312 2368 10
