<?xml version="1.0" encoding="UTF-8"?>
<!DOCTYPE html PUBLIC "-//W3C//DTD XHTML 1.0 Transitional//EN"
    "http://www.w3.org/TR/xhtml1/DTD/xhtml1-transitional.dtd">
<html xmlns="http://www.w3.org/1999/xhtml" xml:lang="en" lang="en">
 <head>
  <title>
</title>
<meta http-equiv="Content-Type" content="text/html;charset=utf-8" />
  <meta name='ocr-system' content='tesseract 3.04.00' />
  <meta name='ocr-capabilities' content='ocr_page ocr_carea ocr_par ocr_line ocrx_word'/>
</head>
<body>
  <div class='ocr_page' id='page_1' title='image "./curriculumlatinu02mont_0192.png"; bbox 0 0 1414 2666; ppageno 0'>
   <div class='ocr_carea' id='block_1_1' title="bbox 138 161 191 201">
    <p class='ocr_par' dir='ltr' id='par_1_1' title="bbox 138 161 191 201">
     <span class='ocr_line' id='line_1_1' title="bbox 138 161 191 201; baseline 0.019 -1"><span class='ocrx_word' id='word_1_1' title='bbox 138 161 191 201; x_wconf 71' lang='lat'>64</span> 
     </span>
    </p>
   </div>
   <div class='ocr_carea' id='block_1_2' title="bbox 560 177 850 206">
    <p class='ocr_par' dir='ltr' id='par_1_2' title="bbox 560 177 850 206">
     <span class='ocr_line' id='line_1_2' title="bbox 560 177 850 206; baseline 0.003 -2"><span class='ocrx_word' id='word_1_2' title='bbox 560 177 772 206; x_wconf 74' lang='lat' dir='ltr'><strong>CARMINUM</strong></span> <span class='ocrx_word' id='word_1_3' title='bbox 791 178 850 205; x_wconf 88' lang='lat'>111.</span> 
     </span>
    </p>
   </div>
   <div class='ocr_carea' id='block_1_3' title="bbox 238 271 1037 593">
    <p class='ocr_par' dir='ltr' id='par_1_3' title="bbox 238 271 1037 593">
     <span class='ocr_line' id='line_1_3' title="bbox 348 271 857 323; baseline 0.008 -14"><span class='ocrx_word' id='word_1_4' title='bbox 348 271 444 309; x_wconf 90' lang='lat' dir='ltr'>Cum</span> <span class='ocrx_word' id='word_1_5' title='bbox 464 271 614 322; x_wconf 83' lang='lat' dir='ltr'>perjura</span> <span class='ocrx_word' id='word_1_6' title='bbox 632 274 746 323; x_wconf 82' lang='lat' dir='ltr'>patris</span> <span class='ocrx_word' id='word_1_7' title='bbox 764 274 857 312; x_wconf 82' lang='lat' dir='ltr'>fides</span> 
     </span>
     <span class='ocr_line' id='line_1_4' title="bbox 240 325 1037 379; baseline 0.008 -17"><span class='ocrx_word' id='word_1_8' title='bbox 240 325 464 363; x_wconf 87' lang='lat' dir='ltr'>Consortem</span> <span class='ocrx_word' id='word_1_9' title='bbox 483 326 625 364; x_wconf 89' lang='lat' dir='ltr'>socium</span> <span class='ocrx_word' id='word_1_10' title='bbox 643 327 760 374; x_wconf 87' lang='lat' dir='ltr'>fallat,</span> <span class='ocrx_word' id='word_1_11' title='bbox 782 333 821 367; x_wconf 88' lang='lat' dir='ltr'>et</span> <span class='ocrx_word' id='word_1_12' title='bbox 839 329 1037 379; x_wconf 81' lang='lat' dir='ltr'>hospitem,</span> 
     </span>
     <span class='ocr_line' id='line_1_5' title="bbox 344 378 801 430; baseline 0.009 -15"><span class='ocrx_word' id='word_1_13' title='bbox 344 378 584 429; x_wconf 85' lang='lat' dir='ltr'>Indignoque</span> <span class='ocrx_word' id='word_1_14' title='bbox 602 381 801 430; x_wconf 87' lang='lat' dir='ltr'>pecuniam</span> 
     </span>
     <span class='ocr_line' id='line_1_6' title="bbox 238 430 1013 485; baseline 0.008 -17"><span class='ocrx_word' id='word_1_15' title='bbox 238 431 385 469; x_wconf 88' lang='lat' dir='ltr'>Heredi</span> <span class='ocrx_word' id='word_1_16' title='bbox 403 438 590 483; x_wconf 80' lang='lat' dir='ltr'><strong>properet.</strong></span> <span class='ocrx_word' id='word_1_17' title='bbox 650 434 800 473; x_wconf 79' lang='lat' dir='ltr'>Scilicet</span> <span class='ocrx_word' id='word_1_18' title='bbox 818 430 1013 485; x_wconf 84' lang='lat' dir='ltr'><strong>improbae</strong></span> 
     </span>
     <span class='ocr_line' id='line_1_7' title="bbox 345 486 880 534; baseline 0.007 -11"><span class='ocrx_word' id='word_1_19' title='bbox 345 486 532 525; x_wconf 83' lang='lat' dir='ltr'>Crescunt</span> <span class='ocrx_word' id='word_1_20' title='bbox 551 487 706 526; x_wconf 86' lang='lat' dir='ltr'>divitiae</span> <span class='ocrx_word' id='word_1_21' title='bbox 722 502 732 534; x_wconf 90' lang='lat'>;</span> <span class='ocrx_word' id='word_1_22' title='bbox 752 493 880 527; x_wconf 89' lang='lat' dir='ltr'>tamen</span> 
     </span>
     <span class='ocr_line' id='line_1_8' title="bbox 239 539 1010 593; baseline 0.005 -17"><span class='ocrx_word' id='word_1_23' title='bbox 239 539 380 577; x_wconf 86' lang='lat' dir='ltr'>Curtae</span> <span class='ocrx_word' id='word_1_24' title='bbox 399 540 525 579; x_wconf 89' lang='lat' dir='ltr'>nescio</span> <span class='ocrx_word' id='word_1_25' title='bbox 545 541 636 591; x_wconf 86' lang='lat' dir='ltr'>quid</span> <span class='ocrx_word' id='word_1_26' title='bbox 657 554 801 593; x_wconf 81' lang='lat' dir='ltr'><strong>semper</strong></span> <span class='ocrx_word' id='word_1_27' title='bbox 819 543 926 582; x_wconf 88' lang='lat' dir='ltr'>abest</span> <span class='ocrx_word' id='word_1_28' title='bbox 942 543 1010 581; x_wconf 88' lang='lat' dir='ltr'>rei.</span> 
     </span>
    </p>
   </div>
   <div class='ocr_carea' id='block_1_4' title="bbox 342 621 1016 740">
    <p class='ocr_par' dir='ltr' id='par_1_4' title="bbox 342 621 1016 740">
     <span class='ocr_line' id='line_1_9' title="bbox 439 621 1016 663; baseline 0.007 -5"><span class='ocrx_word' id='word_1_29' title='bbox 439 621 528 659; x_wconf 82' lang='lat' dir='ltr'>ODE</span> <span class='ocrx_word' id='word_1_30' title='bbox 550 621 799 662; x_wconf 58' lang='lat' dir='ltr'><strong><em>XXV—Ad</em></strong></span> <span class='ocrx_word' id='word_1_31' title='bbox 813 623 1016 663; x_wconf 80' lang='lat' dir='ltr'>Bacchum.</span> 
     </span>
     <span class='ocr_line' id='line_1_10' title="bbox 342 686 903 740; baseline 0.007 -16"><span class='ocrx_word' id='word_1_32' title='bbox 342 686 433 733; x_wconf 79' lang='lat' dir='ltr'>Quo</span> <span class='ocrx_word' id='word_1_33' title='bbox 453 700 524 734; x_wconf 82' lang='lat' dir='ltr'>me,</span> <span class='ocrx_word' id='word_1_34' title='bbox 546 688 705 736; x_wconf 88' lang='lat' dir='ltr'>Bacche,</span> <span class='ocrx_word' id='word_1_35' title='bbox 727 690 826 740; x_wconf 87' lang='lat' dir='ltr'>rapis</span> <span class='ocrx_word' id='word_1_36' title='bbox 845 690 903 728; x_wconf 92' lang='lat' dir='ltr'>tui</span> 
     </span>
    </p>
   </div>
   <div class='ocr_carea' id='block_1_5' title="bbox 1267 330 1317 369">
    <p class='ocr_par' dir='ltr' id='par_1_5' title="bbox 1267 330 1317 369">
     <span class='ocr_line' id='line_1_11' title="bbox 1267 330 1317 369; baseline -0.06 0"><span class='ocrx_word' id='word_1_37' title='bbox 1267 330 1317 369; x_wconf 89' lang='grc'>60</span> 
     </span>
    </p>
   </div>
   <div class='ocr_carea' id='block_1_6' title="bbox 236 740 1320 795">
    <p class='ocr_par' dir='ltr' id='par_1_6' title="bbox 236 740 1320 795">
     <span class='ocr_line' id='line_1_12' title="bbox 236 740 1320 795; baseline 0.006 -18"><span class='ocrx_word' id='word_1_38' title='bbox 236 740 397 779; x_wconf 86' lang='lat' dir='ltr'>Plenum</span> <span class='ocrx_word' id='word_1_39' title='bbox 416 741 435 778; x_wconf 75' lang='grc' dir='ltr'>ἒ)</span> <span class='ocrx_word' id='word_1_40' title='bbox 493 742 601 787; x_wconf 83' lang='lat' dir='ltr'>Quae</span> <span class='ocrx_word' id='word_1_41' title='bbox 619 755 786 789; x_wconf 85' lang='lat' dir='ltr'>nemora,</span> <span class='ocrx_word' id='word_1_42' title='bbox 808 748 874 782; x_wconf 88' lang='lat' dir='ltr'>aut</span> <span class='ocrx_word' id='word_1_43' title='bbox 894 757 987 794; x_wconf 92' lang='lat' dir='ltr'>quos</span> <span class='ocrx_word' id='word_1_44' title='bbox 1007 756 1099 794; x_wconf 86' lang='lat' dir='ltr'>agor</span> <span class='ocrx_word' id='word_1_45' title='bbox 1116 744 1157 783; x_wconf 92' lang='lat' dir='ltr'>in</span> <span class='ocrx_word' id='word_1_46' title='bbox 1176 757 1320 795; x_wconf 82' lang='lat' dir='ltr'>specus,</span> 
     </span>
    </p>
   </div>
   <div class='ocr_carea' id='block_1_7' title="bbox 231 794 1142 1754">
    <p class='ocr_par' dir='ltr' id='par_1_7' title="bbox 340 794 966 842">
     <span class='ocr_line' id='line_1_13' title="bbox 340 794 966 842; baseline 0.006 -11"><span class='ocrx_word' id='word_1_47' title='bbox 340 794 463 832; x_wconf 80' lang='lat' dir='ltr'>Velox</span> <span class='ocrx_word' id='word_1_48' title='bbox 482 800 609 834; x_wconf 86' lang='lat' dir='ltr'>mente</span> <span class='ocrx_word' id='word_1_49' title='bbox 627 808 726 833; x_wconf 85' lang='lat' dir='ltr'>nova</span> <span class='ocrx_word' id='word_1_50' title='bbox 739 796 759 833; x_wconf 75' lang='grc' dir='ltr'>ζ)</span> <span class='ocrx_word' id='word_1_51' title='bbox 818 797 966 842; x_wconf 78' lang='lat' dir='ltr'>Quibus</span> 
     </span>
    </p>

    <p class='ocr_par' dir='ltr' id='par_1_8' title="bbox 232 848 890 942">
     <span class='ocr_line' id='line_1_14' title="bbox 232 848 883 898; baseline 0.005 -13"><span class='ocrx_word' id='word_1_52' title='bbox 232 849 378 893; x_wconf 71' lang='lat' dir='ltr'>Anu-is,</span> <span class='ocrx_word' id='word_1_53' title='bbox 399 849 542 898; x_wconf 84' lang='lat' dir='ltr'>egregii</span> <span class='ocrx_word' id='word_1_54' title='bbox 563 848 732 887; x_wconf 81' lang='lat' dir='ltr'>Caesaris</span> <span class='ocrx_word' id='word_1_55' title='bbox 751 850 883 888; x_wconf 86' lang='lat' dir='ltr'>audiar</span> 
     </span>
     <span class='ocr_line' id='line_1_15' title="bbox 337 902 890 942; baseline 0.005 -3"><span class='ocrx_word' id='word_1_56' title='bbox 337 902 549 940; x_wconf 86' lang='lat' dir='ltr'>Aeternum</span> <span class='ocrx_word' id='word_1_57' title='bbox 568 903 756 941; x_wconf 86' lang='lat' dir='ltr'>meditans</span> <span class='ocrx_word' id='word_1_58' title='bbox 775 903 890 942; x_wconf 87' lang='lat' dir='ltr'>decus</span> 
     </span>
    </p>

    <p class='ocr_par' dir='ltr' id='par_1_9' title="bbox 235 955 974 1059">
     <span class='ocr_line' id='line_1_16' title="bbox 235 955 958 1002; baseline 0.004 -10"><span class='ocrx_word' id='word_1_59' title='bbox 235 955 362 993; x_wconf 84' lang='lat' dir='ltr'>Stellis</span> <span class='ocrx_word' id='word_1_60' title='bbox 381 956 558 1002; x_wconf 83' lang='lat' dir='ltr'>inserere,</span> <span class='ocrx_word' id='word_1_61' title='bbox 579 967 617 995; x_wconf 79' lang='lat' dir='ltr'>et</span> <span class='ocrx_word' id='word_1_62' title='bbox 637 957 792 995; x_wconf 87' lang='lat' dir='ltr'>consilio</span> <span class='ocrx_word' id='word_1_63' title='bbox 811 958 919 996; x_wconf 86' lang='lat' dir='ltr'>Jovis</span> <span class='ocrx_word' id='word_1_64' title='bbox 937 957 958 995; x_wconf 73' lang='grc' dir='ltr'><strong><em>Ρ</em></strong></span> 
     </span>
     <span class='ocr_line' id='line_1_17' title="bbox 345 1009 974 1059; baseline 0.006 -13"><span class='ocrx_word' id='word_1_65' title='bbox 345 1010 479 1047; x_wconf 82' lang='lat' dir='ltr'>Dicam</span> <span class='ocrx_word' id='word_1_66' title='bbox 501 1009 664 1059; x_wconf 84' lang='lat' dir='ltr'>insigne,</span> <span class='ocrx_word' id='word_1_67' title='bbox 683 1023 826 1057; x_wconf 85' lang='lat' dir='ltr'>recens,</span> <span class='ocrx_word' id='word_1_68' title='bbox 847 1012 974 1050; x_wconf 87' lang='lat' dir='ltr'>adhuc</span> 
     </span>
    </p>

    <p class='ocr_par' dir='ltr' id='par_1_10' title="bbox 235 1063 1069 1168">
     <span class='ocr_line' id='line_1_18' title="bbox 235 1063 1069 1116; baseline 0.006 -17"><span class='ocrx_word' id='word_1_69' title='bbox 235 1063 425 1101; x_wconf 79' lang='lat' dir='ltr'>indictum</span> <span class='ocrx_word' id='word_1_70' title='bbox 448 1075 512 1100; x_wconf 90' lang='lat' dir='ltr'>ore</span> <span class='ocrx_word' id='word_1_71' title='bbox 531 1063 618 1101; x_wconf 87' lang='lat' dir='ltr'>alio.</span> <span class='ocrx_word' id='word_1_72' title='bbox 676 1064 767 1101; x_wconf 90' lang='lat' dir='ltr'>Non</span> <span class='ocrx_word' id='word_1_73' title='bbox 786 1078 892 1103; x_wconf 85' lang='lat' dir='ltr'>secus</span> <span class='ocrx_word' id='word_1_74' title='bbox 910 1066 950 1103; x_wconf 91' lang='lat' dir='ltr'>in</span> <span class='ocrx_word' id='word_1_75' title='bbox 963 1066 1069 1116; x_wconf 84' lang='lat' dir='ltr'>jugis</span> 
     </span>
     <span class='ocr_line' id='line_1_19' title="bbox 345 1117 843 1168; baseline 0.004 -14"><span class='ocrx_word' id='word_1_76' title='bbox 345 1117 547 1154; x_wconf 86' lang='lat' dir='ltr'>Exsomnis</span> <span class='ocrx_word' id='word_1_77' title='bbox 567 1122 694 1168; x_wconf 80' lang='lat' dir='ltr'>stupet</span> <span class='ocrx_word' id='word_1_78' title='bbox 715 1117 843 1165; x_wconf 88' lang='lat' dir='ltr'>Euias,</span> 
     </span>
    </p>

    <p class='ocr_par' dir='ltr' id='par_1_11' title="bbox 233 1169 1058 1275">
     <span class='ocr_line' id='line_1_20' title="bbox 233 1169 1058 1220; baseline 0.004 -12"><span class='ocrx_word' id='word_1_79' title='bbox 233 1169 408 1208; x_wconf 87' lang='lat' dir='ltr'>Hebrum</span> <span class='ocrx_word' id='word_1_80' title='bbox 428 1171 671 1220; x_wconf 89' lang='lat' dir='ltr'>prospiciens,</span> <span class='ocrx_word' id='word_1_81' title='bbox 693 1175 732 1209; x_wconf 92' lang='lat' dir='ltr'>et</span> <span class='ocrx_word' id='word_1_82' title='bbox 750 1172 838 1210; x_wconf 88' lang='lat' dir='ltr'>nive</span> <span class='ocrx_word' id='word_1_83' title='bbox 857 1173 1058 1211; x_wconf 84' lang='lat' dir='ltr'>candidam</span> 
     </span>
     <span class='ocr_line' id='line_1_21' title="bbox 339 1225 882 1275; baseline 0.007 -15"><span class='ocrx_word' id='word_1_84' title='bbox 339 1225 524 1269; x_wconf 86' lang='lat' dir='ltr'>Thracen,</span> <span class='ocrx_word' id='word_1_85' title='bbox 547 1237 589 1262; x_wconf 90' lang='lat' dir='ltr'>ac</span> <span class='ocrx_word' id='word_1_86' title='bbox 608 1227 705 1275; x_wconf 87' lang='lat' dir='ltr'>pede</span> <span class='ocrx_word' id='word_1_87' title='bbox 721 1225 882 1264; x_wconf 85' lang='lat' dir='ltr'>barbaro</span> 
     </span>
    </p>

    <p class='ocr_par' dir='ltr' id='par_1_12' title="bbox 234 1278 1057 1381">
     <span class='ocr_line' id='line_1_22' title="bbox 234 1278 1057 1328; baseline 0.005 -14"><span class='ocrx_word' id='word_1_88' title='bbox 234 1278 453 1316; x_wconf 86' lang='lat' dir='ltr'>Lustratam</span> <span class='ocrx_word' id='word_1_89' title='bbox 474 1278 701 1328; x_wconf 85' lang='lat' dir='ltr'>Rhodopen.</span> <span class='ocrx_word' id='word_1_90' title='bbox 762 1279 818 1318; x_wconf 82' lang='lat' dir='ltr'>Ut</span> <span class='ocrx_word' id='word_1_91' title='bbox 834 1279 927 1317; x_wconf 86' lang='lat' dir='ltr'>mihi</span> <span class='ocrx_word' id='word_1_92' title='bbox 945 1280 1057 1318; x_wconf 86' lang='lat' dir='ltr'>devio</span> 
     </span>
     <span class='ocr_line' id='line_1_23' title="bbox 337 1331 846 1381; baseline 0.004 -13"><span class='ocrx_word' id='word_1_93' title='bbox 337 1331 456 1381; x_wconf 86' lang='lat' dir='ltr'>Ripas</span> <span class='ocrx_word' id='word_1_94' title='bbox 476 1337 515 1370; x_wconf 85' lang='lat' dir='ltr'>et</span> <span class='ocrx_word' id='word_1_95' title='bbox 534 1344 693 1370; x_wconf 84' lang='lat' dir='ltr'>vacuum</span> <span class='ocrx_word' id='word_1_96' title='bbox 712 1345 846 1371; x_wconf 86' lang='lat' dir='ltr'>nemus</span> 
     </span>
    </p>

    <p class='ocr_par' dir='ltr' id='par_1_13' title="bbox 231 1385 975 1488">
     <span class='ocr_line' id='line_1_24' title="bbox 231 1385 975 1435; baseline 0.004 -14"><span class='ocrx_word' id='word_1_97' title='bbox 231 1385 364 1422; x_wconf 85' lang='lat' dir='ltr'>Mirari</span> <span class='ocrx_word' id='word_1_98' title='bbox 382 1385 475 1422; x_wconf 90' lang='lat' dir='ltr'>libet</span> <span class='ocrx_word' id='word_1_99' title='bbox 495 1385 503 1422; x_wconf 69' lang='grc' dir='ltr'><strong>Ι</strong></span> <span class='ocrx_word' id='word_1_100' title='bbox 563 1385 598 1423; x_wconf 94' lang='lat' dir='ltr'>O</span> <span class='ocrx_word' id='word_1_101' title='bbox 618 1386 809 1424; x_wconf 76' lang='lat' dir='ltr'>Naiadum</span> <span class='ocrx_word' id='word_1_102' title='bbox 829 1391 975 1435; x_wconf 86' lang='lat' dir='ltr'>potens,</span> 
     </span>
     <span class='ocr_line' id='line_1_25' title="bbox 338 1438 885 1488; baseline 0.002 -13"><span class='ocrx_word' id='word_1_103' title='bbox 338 1438 658 1488; x_wconf 83' lang='lat' dir='ltr'>Baccharumque,</span> <span class='ocrx_word' id='word_1_104' title='bbox 678 1440 885 1478; x_wconf 87' lang='lat' dir='ltr'>valentium</span> 
     </span>
    </p>

    <p class='ocr_par' dir='ltr' id='par_1_14' title="bbox 237 1491 1010 1594">
     <span class='ocr_line' id='line_1_26' title="bbox 237 1491 983 1538; baseline 0.004 -10"><span class='ocrx_word' id='word_1_105' title='bbox 237 1491 416 1529; x_wconf 70' lang='lat' dir='ltr'>proceras</span> <span class='ocrx_word' id='word_1_106' title='bbox 436 1492 610 1529; x_wconf 83' lang='lat' dir='ltr'>manibus</span> <span class='ocrx_word' id='word_1_107' title='bbox 629 1498 776 1531; x_wconf 81' lang='lat' dir='ltr'>vertere</span> <span class='ocrx_word' id='word_1_108' title='bbox 795 1492 983 1538; x_wconf 78' lang='lat' dir='ltr'>fraxinos;</span> 
     </span>
     <span class='ocr_line' id='line_1_27' title="bbox 341 1545 1010 1594; baseline 0.004 -13"><span class='ocrx_word' id='word_1_109' title='bbox 341 1545 407 1582; x_wconf 86' lang='lat' dir='ltr'>Nil</span> <span class='ocrx_word' id='word_1_110' title='bbox 426 1557 596 1594; x_wconf 85' lang='lat' dir='ltr'>parvum,</span> <span class='ocrx_word' id='word_1_111' title='bbox 618 1551 684 1584; x_wconf 89' lang='lat' dir='ltr'>aut</span> <span class='ocrx_word' id='word_1_112' title='bbox 703 1546 837 1584; x_wconf 91' lang='lat' dir='ltr'>humili</span> <span class='ocrx_word' id='word_1_113' title='bbox 855 1546 983 1592; x_wconf 88' lang='lat' dir='ltr'>modo,</span> <span class='ocrx_word' id='word_1_114' title='bbox 1007 1590 1010 1591; x_wconf 19' lang='lat'><em>⁷</em></span> 
     </span>
    </p>

    <p class='ocr_par' dir='ltr' id='par_1_15' title="bbox 234 1598 1142 1702">
     <span class='ocr_line' id='line_1_28' title="bbox 234 1598 1142 1648; baseline -0.001 -13"><span class='ocrx_word' id='word_1_115' title='bbox 234 1599 300 1635; x_wconf 82' lang='lat' dir='ltr'>Nil</span> <span class='ocrx_word' id='word_1_116' title='bbox 320 1598 481 1636; x_wconf 80' lang='lat' dir='ltr'>mortale</span> <span class='ocrx_word' id='word_1_117' title='bbox 498 1599 642 1648; x_wconf 83' lang='lat' dir='ltr'>loquar.</span> <span class='ocrx_word' id='word_1_118' title='bbox 701 1599 827 1636; x_wconf 80' lang='lat' dir='ltr'>Dulce</span> <span class='ocrx_word' id='word_1_119' title='bbox 845 1600 1053 1647; x_wconf 80' lang='lat' dir='ltr'>perieulum</span> <span class='ocrx_word' id='word_1_120' title='bbox 1073 1604 1142 1644; x_wconf 74' lang='lat' dir='ltr'>cst,</span> 
     </span>
     <span class='ocr_line' id='line_1_29' title="bbox 340 1651 839 1702; baseline -0.002 -13"><span class='ocrx_word' id='word_1_121' title='bbox 340 1651 374 1689; x_wconf 93' lang='lat' dir='ltr'>O</span> <span class='ocrx_word' id='word_1_122' title='bbox 395 1652 546 1690; x_wconf 88' lang='lat' dir='ltr'>Lenaee</span> <span class='ocrx_word' id='word_1_123' title='bbox 563 1653 570 1690; x_wconf 73' lang='grc' dir='ltr'><strong>Ξ</strong></span> <span class='ocrx_word' id='word_1_124' title='bbox 601 1652 706 1702; x_wconf 89' lang='lat' dir='ltr'>sequi</span> <span class='ocrx_word' id='word_1_125' title='bbox 725 1652 839 1689; x_wconf 86' lang='lat' dir='ltr'>deum</span> 
     </span>
    </p>

    <p class='ocr_par' dir='ltr' id='par_1_16' title="bbox 235 1703 1001 1754">
     <span class='ocr_line' id='line_1_30' title="bbox 235 1703 1001 1754; baseline -0.001 -13"><span class='ocrx_word' id='word_1_126' title='bbox 235 1705 460 1753; x_wconf 62' lang='lat' dir='ltr'>cingentem</span> <span class='ocrx_word' id='word_1_127' title='bbox 483 1706 594 1742; x_wconf 69' lang='lat' dir='ltr'>viridi</span> <span class='ocrx_word' id='word_1_128' title='bbox 613 1711 784 1754; x_wconf 85' lang='lat' dir='ltr'>tempora</span> <span class='ocrx_word' id='word_1_129' title='bbox 810 1703 1001 1754; x_wconf 87' lang='lat' dir='ltr'>pampino.</span> 
     </span>
    </p>
   </div>
   <div class='ocr_carea' id='block_1_8' title="bbox 424 1780 1015 1819">
    <p class='ocr_par' dir='ltr' id='par_1_17' title="bbox 424 1780 1015 1819">
     <span class='ocr_line' id='line_1_31' title="bbox 424 1780 1015 1819; baseline -0.002 -1"><span class='ocrx_word' id='word_1_130' title='bbox 424 1782 513 1819; x_wconf 80' lang='lat' dir='ltr'>ODE</span> <span class='ocrx_word' id='word_1_131' title='bbox 536 1781 805 1819; x_wconf 82' lang='lat' dir='ltr'><strong><em>XXVI.—-Ad</em></strong></span> <span class='ocrx_word' id='word_1_132' title='bbox 828 1780 866 1818; x_wconf 85' lang='lat' dir='ltr'><strong><em>V</em></strong></span> <span class='ocrx_word' id='word_1_133' title='bbox 861 1793 1015 1818; x_wconf 65' lang='lat' dir='ltr'>emerem.</span> 
     </span>
    </p>
   </div>
   <div class='ocr_carea' id='block_1_9' title="bbox 233 1847 1094 2486">
    <p class='ocr_par' dir='ltr' id='par_1_18' title="bbox 233 1847 1094 2486">
     <span class='ocr_line' id='line_1_32' title="bbox 235 1847 810 1896; baseline -0.003 -12"><span class='ocrx_word' id='word_1_134' title='bbox 235 1849 328 1884; x_wconf 65' lang='lat' dir='ltr'>V1x1</span> <span class='ocrx_word' id='word_1_135' title='bbox 348 1847 481 1896; x_wconf 85' lang='lat' dir='ltr'>puellis</span> <span class='ocrx_word' id='word_1_136' title='bbox 499 1859 621 1896; x_wconf 86' lang='lat' dir='ltr'>nuper</span> <span class='ocrx_word' id='word_1_137' title='bbox 639 1847 810 1891; x_wconf 86' lang='lat' dir='ltr'>idoneus,</span> 
     </span>
     <span class='ocr_line' id='line_1_33' title="bbox 236 1900 823 1948; baseline -0.007 -9"><span class='ocrx_word' id='word_1_138' title='bbox 236 1902 285 1939; x_wconf 84' lang='lat' dir='ltr'>Et</span> <span class='ocrx_word' id='word_1_139' title='bbox 305 1901 462 1938; x_wconf 85' lang='lat' dir='ltr'>militavi</span> <span class='ocrx_word' id='word_1_140' title='bbox 483 1913 558 1937; x_wconf 90' lang='lat' dir='ltr'>non</span> <span class='ocrx_word' id='word_1_141' title='bbox 580 1900 660 1937; x_wconf 87' lang='lat' dir='ltr'>sine</span> <span class='ocrx_word' id='word_1_142' title='bbox 678 1900 823 1948; x_wconf 85' lang='lat' dir='ltr'>gloria;</span> 
     </span>
     <span class='ocr_line' id='line_1_34' title="bbox 287 1951 973 2005; baseline -0.004 -14"><span class='ocrx_word' id='word_1_143' title='bbox 287 1955 400 1991; x_wconf 89' lang='lat' dir='ltr'>Nunc</span> <span class='ocrx_word' id='word_1_144' title='bbox 421 1966 534 1999; x_wconf 85' lang='lat' dir='ltr'>arma,</span> <span class='ocrx_word' id='word_1_145' title='bbox 556 1953 854 2005; x_wconf 80' lang='lat' dir='ltr'>defunctumque</span> <span class='ocrx_word' id='word_1_146' title='bbox 872 1951 973 1989; x_wconf 90' lang='lat' dir='ltr'>bello</span> 
     </span>
     <span class='ocr_line' id='line_1_35' title="bbox 344 2006 945 2055; baseline -0.005 -10"><span class='ocrx_word' id='word_1_147' title='bbox 344 2008 539 2052; x_wconf 84' lang='lat' dir='ltr'>Barbiton,</span> <span class='ocrx_word' id='word_1_148' title='bbox 559 2006 620 2043; x_wconf 91' lang='lat' dir='ltr'>hic</span> <span class='ocrx_word' id='word_1_149' title='bbox 639 2006 760 2055; x_wconf 86' lang='lat' dir='ltr'>paries</span> <span class='ocrx_word' id='word_1_150' title='bbox 778 2006 945 2051; x_wconf 81' lang='lat' dir='ltr'>habebit,</span> 
     </span>
     <span class='ocr_line' id='line_1_36' title="bbox 235 2059 980 2109; baseline -0.005 -10"><span class='ocrx_word' id='word_1_151' title='bbox 235 2062 403 2099; x_wconf 82' lang='lat' dir='ltr'>Laevum</span> <span class='ocrx_word' id='word_1_152' title='bbox 422 2061 589 2098; x_wconf 83' lang='lat' dir='ltr'>marinae</span> <span class='ocrx_word' id='word_1_153' title='bbox 609 2060 672 2109; x_wconf 90' lang='lat' dir='ltr'>qui</span> <span class='ocrx_word' id='word_1_154' title='bbox 691 2059 853 2097; x_wconf 87' lang='lat' dir='ltr'>Veneris</span> <span class='ocrx_word' id='word_1_155' title='bbox 880 2059 980 2097; x_wconf 80' lang='lat' dir='ltr'>latus</span> 
     </span>
     <span class='ocr_line' id='line_1_37' title="bbox 233 2113 945 2162; baseline -0.004 -9"><span class='ocrx_word' id='word_1_156' title='bbox 233 2115 424 2153; x_wconf 79' lang='lat' dir='ltr'>Custodit.</span> <span class='ocrx_word' id='word_1_157' title='bbox 480 2114 568 2159; x_wconf 84' lang='lat' dir='ltr'>Hic,</span> <span class='ocrx_word' id='word_1_158' title='bbox 589 2113 651 2150; x_wconf 88' lang='lat' dir='ltr'>hic</span> <span class='ocrx_word' id='word_1_159' title='bbox 669 2114 800 2162; x_wconf 88' lang='lat' dir='ltr'>ponite</span> <span class='ocrx_word' id='word_1_160' title='bbox 818 2113 945 2150; x_wconf 85' lang='lat' dir='ltr'>lucida</span> 
     </span>
     <span class='ocr_line' id='line_1_38' title="bbox 289 2169 846 2213; baseline -0.004 -7"><span class='ocrx_word' id='word_1_161' title='bbox 289 2169 459 2213; x_wconf 72' lang='lat' dir='ltr'>Funalia,</span> <span class='ocrx_word' id='word_1_162' title='bbox 478 2173 515 2206; x_wconf 88' lang='lat' dir='ltr'>et</span> <span class='ocrx_word' id='word_1_163' title='bbox 534 2172 660 2205; x_wconf 86' lang='lat' dir='ltr'>vectes</span> <span class='ocrx_word' id='word_1_164' title='bbox 680 2172 718 2204; x_wconf 86' lang='lat' dir='ltr'>et</span> <span class='ocrx_word' id='word_1_165' title='bbox 738 2179 846 2204; x_wconf 86' lang='lat' dir='ltr'>arcus</span> 
     </span>
     <span class='ocr_line' id='line_1_39' title="bbox 346 2221 898 2272; baseline -0.004 -13"><span class='ocrx_word' id='word_1_166' title='bbox 346 2222 542 2272; x_wconf 84' lang='lat' dir='ltr'>Oppositis</span> <span class='ocrx_word' id='word_1_167' title='bbox 561 2221 704 2258; x_wconf 84' lang='lat' dir='ltr'>foribus</span> <span class='ocrx_word' id='word_1_168' title='bbox 723 2221 898 2258; x_wconf 82' lang='lat' dir='ltr'>minaces.</span> 
     </span>
     <span class='ocr_line' id='line_1_40' title="bbox 233 2273 1094 2325; baseline -0.005 -11"><span class='ocrx_word' id='word_1_169' title='bbox 233 2277 267 2315; x_wconf 91' lang='lat' dir='ltr'>O</span> <span class='ocrx_word' id='word_1_170' title='bbox 289 2274 384 2325; x_wconf 83' lang='lat' dir='ltr'>quae</span> <span class='ocrx_word' id='word_1_171' title='bbox 404 2277 565 2320; x_wconf 82' lang='lat' dir='ltr'>beatam,</span> <span class='ocrx_word' id='word_1_172' title='bbox 587 2275 700 2320; x_wconf 84' lang='lat' dir='ltr'>Diva,</span> <span class='ocrx_word' id='word_1_173' title='bbox 721 2278 830 2312; x_wconf 77' lang='lat' dir='ltr'>tenes</span> <span class='ocrx_word' id='word_1_174' title='bbox 850 2273 1033 2323; x_wconf 88' lang='lat' dir='ltr'>Cyprum,</span> <span class='ocrx_word' id='word_1_175' title='bbox 1055 2279 1094 2311; x_wconf 87' lang='lat' dir='ltr'>et</span> 
     </span>
     <span class='ocr_line' id='line_1_41' title="bbox 236 2327 951 2380; baseline -0.006 -13"><span class='ocrx_word' id='word_1_176' title='bbox 236 2330 431 2380; x_wconf 84' lang='lat' dir='ltr'>Memphin</span> <span class='ocrx_word' id='word_1_177' title='bbox 450 2335 639 2366; x_wconf 84' lang='lat' dir='ltr'>carentem</span> <span class='ocrx_word' id='word_1_178' title='bbox 661 2328 834 2366; x_wconf 82' lang='lat' dir='ltr'>Sithonia</span> <span class='ocrx_word' id='word_1_179' title='bbox 852 2327 951 2372; x_wconf 87' lang='lat' dir='ltr'>nive,</span> 
     </span>
     <span class='ocr_line' id='line_1_42' title="bbox 285 2381 810 2432; baseline -0.004 -12"><span class='ocrx_word' id='word_1_180' title='bbox 285 2383 460 2432; x_wconf 77' lang='lat' dir='ltr'>Regina!</span> <span class='ocrx_word' id='word_1_181' title='bbox 492 2382 642 2420; x_wconf 87' lang='lat' dir='ltr'>sublimi</span> <span class='ocrx_word' id='word_1_182' title='bbox 660 2381 810 2430; x_wconf 86' lang='lat' dir='ltr'>flagesso</span> 
     </span>
     <span class='ocr_line' id='line_1_43' title="bbox 347 2435 1058 2486; baseline -0.004 -12"><span class='ocrx_word' id='word_1_183' title='bbox 347 2437 481 2486; x_wconf 84' lang='lat' dir='ltr'>Tange</span> <span class='ocrx_word' id='word_1_184' title='bbox 502 2435 648 2474; x_wconf 70' lang='lat' dir='ltr'>Chloen</span> <span class='ocrx_word' id='word_1_185' title='bbox 667 2435 781 2473; x_wconf 84' lang='lat' dir='ltr'>semel</span> <span class='ocrx_word' id='word_1_186' title='bbox 805 2438 1058 2484; x_wconf 83' lang='lat' dir='ltr'>arrogantem.</span> 
     </span>
    </p>
   </div>
   <div class='ocr_carea' id='block_1_10' title="bbox 1297 907 1322 944">
    <p class='ocr_par' dir='ltr' id='par_1_19' title="bbox 1297 907 1322 944">
     <span class='ocr_line' id='line_1_44' title="bbox 1297 907 1322 944; baseline 0 0"><span class='ocrx_word' id='word_1_187' title='bbox 1297 907 1322 944; x_wconf 82' lang='lat'><em>5</em></span> 
     </span>
    </p>
   </div>
   <div class='ocr_carea' id='block_1_11' title="bbox 1272 1174 1322 1212">
    <p class='ocr_par' dir='ltr' id='par_1_20' title="bbox 1272 1174 1322 1212">
     <span class='ocr_line' id='line_1_45' title="bbox 1272 1174 1322 1212; baseline 0.02 -1"><span class='ocrx_word' id='word_1_188' title='bbox 1272 1174 1322 1212; x_wconf 88' lang='grc'>10</span> 
     </span>
    </p>
   </div>
   <div class='ocr_carea' id='block_1_12' title="bbox 1271 1440 1322 1478">
    <p class='ocr_par' dir='ltr' id='par_1_21' title="bbox 1271 1440 1322 1478">
     <span class='ocr_line' id='line_1_46' title="bbox 1271 1440 1322 1478; baseline 0 0"><span class='ocrx_word' id='word_1_189' title='bbox 1271 1440 1322 1478; x_wconf 89' lang='grc'>15</span> 
     </span>
    </p>
   </div>
   <div class='ocr_carea' id='block_1_13' title="bbox 1270 1703 1324 1741">
    <p class='ocr_par' dir='ltr' id='par_1_22' title="bbox 1270 1703 1324 1741">
     <span class='ocr_line' id='line_1_47' title="bbox 1270 1703 1324 1741; baseline 0.019 -1"><span class='ocrx_word' id='word_1_190' title='bbox 1270 1703 1324 1741; x_wconf 88' lang='grc'>20</span> 
     </span>
    </p>
   </div>
   <div class='ocr_carea' id='block_1_14' title="bbox 1299 2061 1323 2097">
    <p class='ocr_par' dir='ltr' id='par_1_23' title="bbox 1299 2061 1323 2097">
     <span class='ocr_line' id='line_1_48' title="bbox 1299 2061 1323 2097; textangle 90"><span class='ocrx_word' id='word_1_191' title='bbox 1299 2061 1323 2097; x_wconf 61' lang='grc' dir='ltr'>ἰῗῖ</span> 
     </span>
    </p>
   </div>
   <div class='ocr_carea' id='block_1_15' title="bbox 1270 2326 1346 2373">
    <p class='ocr_par' dir='ltr' id='par_1_24' title="bbox 1270 2326 1346 2373">
     <span class='ocr_line' id='line_1_49' title="bbox 1270 2326 1346 2373; baseline 0 -9"><span class='ocrx_word' id='word_1_192' title='bbox 1270 2326 1346 2373; x_wconf 65' lang='lat'>10,</span> 
     </span>
    </p>
   </div>
  </div>
 </body>
</html>
