1475 2712
403 440 601 528 Llssrn
641 469 896 527 PRIMUS,

66 676 263 714 TEMPORA
280 686 365 712 cum
383 673 502 711 causis
521 672 674 711 Latium
693 672 840 721 digesta
853 681 920 720 per
938 681 1090 715 annum,

119 729 316 778 Lapsaque
334 728 403 766 sub
422 732 550 773 terras,
573 731 729 775 ortaque
749 726 856 775 signa
875 735 1017 761 canam.

65 782 208 832 Excipe
225 785 370 831 pacato,
393 781 517 818 Caesar
538 780 771 824 Germanice,
800 778 909 816 vultu

118 835 206 873 Hoc
225 848 330 884 opus,
350 839 387 872 et
407 835 546 873 timidae
566 834 687 882 dirige
702 833 806 870 navis
823 832 920 870 iter:

66 889 285 938 Officioque,
306 888 423 925 levem
445 901 521 925 non
541 892 730 925 aversatus
749 887 940 931 honorem,

120 942 223 980 Huic
244 941 313 979 tibi
332 942 468 979 devoto
487 941 641 978 numine
656 941 789 978 dexter
807 940 908 977 ades.

68 997 181 1034 Sacra
198 1008 441 1044 recognosces
461 995 672 1032 Annalibus
691 999 798 1032 eruta
816 991 958 1044 priscis,

120 1049 171 1087 Et
189 1061 264 1098 quo
283 1049 331 1086 sit
350 1049 482 1086 merito
502 1061 659 1097 quaeque
677 1053 808 1086 notata
828 1048 919 1085 dies.

67 1103 238 1140 Invenies
253 1102 328 1139 illie
348 1108 386 1140 et
405 1103 499 1140 festa
519 1102 722 1138 domestica
740 1101 846 1138 vobis
867 1114 875 1139 :

120 1156 226 1205 Saepe
244 1156 312 1193 tibi
327 1161 433 1204 pater
453 1160 520 1199 esf„
542 1167 640 1204 saepe
658 1155 841 1203 legendus
861 1167 961 1193 avus.

67 1210 238 1258 Quaeque
257 1208 383 1246 ferunt
403 1209 455 1244 illi
476 1209 594 1256 pictos
615 1209 804 1256 signantia
822 1208 951 1254 fastos,

117 1263 177 1300 Tu
192 1274 344 1314 quoque
363 1275 448 1299 cum
469 1262 595 1298 Druso
615 1262 766 1310 praemia
781 1262 896 1298 fratre
915 1262 1022 1300 feres.

65 1316 222 1354 Caesaris
242 1328 345 1352 arma
364 1320 501 1353 canant
514 1315 576 1351 alii
597 1328 604 1358 ;
635 1327 703 1351 nos
724 1315 880 1352 Cir-§saris
900 1328 994 1363 arem,

120 1369 170 1408 Et
189 1381 430 1419 quoscunque
450 1369 562 1405 saeris
582 1368 729 1405 addidib
747 1368 810 1405 ille
830 1369 922 1407 dies.
1003 1371 1007 1376 '

67 1425 207 1460 Annue
227 1424 378 1460 conanti
398 1435 463 1471 per
482 1422 611 1458 laudes
626 1422 680 1458 ire
699 1428 846 1459 tuorum

120 1476 256 1525 Deque
274 1488 357 1512 meo
376 1476 531 1524 pavidos
551 1480 686 1512 excute
705 1475 817 1512 eorde
834 1481 970 1514 metus.

67 1530 128 1567 Da
149 1529 238 1566 mihi
257 1534 295 1567 te
314 1529 502 1578 placidum
519 1542 527 1566 :
559 1528 705 1565 dederis
725 1528 763 1565 in
777 1530 941 1567 carmina
960 1529 1067 1567 vires.

122 1582 320 1631 Ingenium
340 1583 447 1620 vultu
466 1587 615 1631 statque
634 1582 808 1631 caditque
827 1588 906 1620 tuo.

70 1636 215 1684 Pagina
227 1636 412 1685 judiciuin
433 1636 534 1674 docti
553 1637 724 1678 subitura
743 1641 915 1674 movetur

124 1690 319 1738 Principis,
341 1694 384 1727 ui:
405 1689 529 1726 Clario
548 1691 659 1726 missa
675 1690 836 1739 legenda
855 1691 940 1727 deo.

70 1743 166 1788 Quae
187 1743 235 1781 sit
254 1743 352 1779 enini
368 1743 458 1780 culti
478 1743 652 1780 facundia
672 1744 854 1780 sensimus
872 1743 958 1789 oris,

125 1797 252 1834 Civica
267 1809 334 1845 pro
355 1796 509 1845 trepidis
528 1810 612 1834 cum
633 1797 719 1834 tulit
740 1810 841 1833 arina
860 1797 943 1835 reis.

73 1851 217 1889 Scimus
236 1855 287 1893 et,
309 1850 357 1886 ad
371 1857 518 1887 nostras
537 1863 622 1887 cum
641 1863 679 1886 se
694 1851 782 1888 tulit
802 1851 963 1898 impetus
981 1857 1092 1895 artes,

127 1903 273 1952 Ingenii
293 1908 444 1940 currant
463 1903 617 1940 flumina
636 1908 777 1952 quanta
796 1904 864 1941 tui.

73 1958 112 1995 Si
131 1957 230 2002 licet,
252 1961 290 1994 et
307 1956 362 1993 fas
381 1962 447 2001 est,
471 1962 572 1994 vates
592 1970 681 2005 rege
700 1958 794 1995 vatis
813 1958 987 2003 habenas,

129 2009 291 2059 Auspice
309 2015 348 2047 te
366 2010 455 2046 felix
475 2015 578 2048 totus
598 2016 640 2048 ut
659 2024 778 2048 annus
797 2016 870 2048 cat.

75 2063 261 2113 Tempora
281 2063 469 2111 digereret
488 2077 573 2101 cum
593 2065 765 2102 eonditor
785 2065 898 2110 urbis,
917 2064 958 2101 in
977 2078 1078 2102 anno

132 2116 341 2154 Constituit
358 2130 503 2154 menses
523 2118 688 2166 quinque
707 2119 763 2165 bis
783 2131 862 2155 esse
881 2131 960 2156 suo.

78 2170 228 2208 Scilicet
247 2182 349 2207 arma
366 2171 497 2218 magis,
519 2183 626 2218 quam
648 2172 780 2215 sidera,
799 2172 974 2218 Romule,
993 2184 1106 2209 noras
1122 2185 1130 2209 ε

135 2223 311 2273 Curaque
330 2224 506 2260 finitimos
527 2225 676 2262 vincere
695 2225 812 2274 major
831 2229 922 2262 erat.

80 2278 150 2316 Est
168 2281 295 2315 tamen
312 2282 349 2314 et
365 2278 471 2323 ratio,
495 2276 633 2323 Caesar,
655 2290 736 2326 quae
756 2279 915 2316 moveri&
932 2277 1062 2316 illum:

136 2329 388 2379 Erroremque
407 2344 516 2367 suum
534 2344 608 2381 quo
627 2336 779 2369 tueatur
797 2333 924 2370 habet.

84 2384 200 2430 Quod
218 2384 307 2422 satis
325 2390 395 2430 θεὴ,
415 2389 523 2423 utero
543 2385 672 2422 matris
691 2386 781 2422 dum
800 2386 957 2435 prodeat:
973 2384 1109 2434 infans,

137 2437 224 2476 Hoc
243 2449 343 2476 anno
361 2438 496 2477 statuit
512 2439 689 2488 temporis
708 2451 788 2477 esse
805 2439 906 2478 satis.

627 2504 717 2543 A2

1195 1150 1244 1188 10

1197 1419 1245 1456 15

1200 1683 1251 1722 20

1203 1955 1253 1992 25

1205 2225 1258 2263 30
