1475 2712
202 179 227 217 4
597 208 602 212 .
657 191 848 220 Anunmos
865 191 893 220 1.

191 289 217 326 J
220 288 382 326 udicium
401 288 556 335 Paridis,
575 293 794 340 spretaeque
811 289 946 340 injuria
962 289 1112 337 formae,

191 342 242 381 Et
258 355 377 392 genus
395 343 565 389 invisum,
585 347 623 381 et
641 344 738 393 rapti
758 343 988 394 Ganymedis
1005 343 1165 382 honores
1184 358 1193 383 :

187 395 262 434 His
281 409 435 435 accensa
452 409 574 446 super,
588 396 750 446 jactatos
769 409 927 446 aequore
944 402 1037 443 toto,

189 450 317 497 Troas,
337 450 508 500 reliquias
527 450 701 488 Danaum
719 456 829 500 atque
845 451 999 490 immitis
1017 451 1166 498 Achilli,

187 505 348 543 Arcebat
366 504 478 552 longe
496 503 605 542 Latio
620 517 629 549 3
649 504 858 555 multosque
875 518 941 555 per
959 517 1074 543 annos
1104 526 1107 529 ·
1301 506 1354 544 35

190 557 386 604 Errabant,
407 558 481 595 acti
500 558 594 603 fatis,
617 558 732 596 maria
750 559 873 596 omnia
890 559 1039 596 circum.

188 611 333 649 Tantae
350 611 455 649 molis
474 616 553 650 erat
573 612 780 650 Romanam
801 613 961 650 condere
977 616 1127 662 gentem
1143 613 1152 651 1

242 665 326 711 Vix,
347 679 368 702 e
386 671 587 715 conspeetu
607 666 752 704 Siculae
770 666 924 713 telluris,
945 667 985 703 in
1003 667 1119 704 altum

187 718 282 757 Vela
300 720 439 757 dabant
457 719 556 765 laeti,
577 725 614 758 et
633 733 779 769 spumas
799 721 884 758 salis
903 733 986 758 aere
1003 721 1161 758 ruebant
1181 733 1190 764 ;

189 773 315 818 Quum
332 773 446 818 Juno,
468 779 660 812 aeternum
678 787 828 812 servans
847 775 915 811 sub
935 779 1082 824 pectore
1101 773 1244 820 volnus,
1297 774 1349 812 40

189 827 293 864 Haec
311 840 434 865 secum
452 841 459 865 ε
490 826 604 865 Mene
630 828 779 878 incepto
798 828 974 865 desistere
993 828 1142 872 victam,

185 881 265 918 Nec
284 894 388 930 posse
408 881 515 919 Italia
536 882 764 919 Teucrorum
784 888 951 920 avertere
969 894 1096 930 regem
1108 880 1130 918 ἶ)

188 935 334 984 Quippe
353 940 457 973 vetor
474 935 573 972 fatis.
629 935 799 973 Pallasne
818 948 972 972 exurere
990 935 1140 973 classem

183 989 377 1037 Argivum,
398 995 508 1037 atque
524 990 621 1038 ipsos
639 989 762 1039 potuit
781 990 1017 1038 submergere
1034 994 1162 1039 ponto.

189 1043 307 1079 Unius
326 1044 374 1080 ob
393 1056 526 1080 noxam
546 1050 583 1080 et
601 1043 714 1081 furias
733 1043 857 1092 Ajacis
874 1043 1004 1080 Oilei?
1297 1042 1348 1079 45

184 1096 278 1145 Ipsa,
297 1097 323 1134 J
326 1097 402 1134 ovis
420 1097 590 1146 rapidum
601 1097 767 1146 jaculata
785 1110 805 1134 e
824 1097 984 1134 nubibus
1002 1097 1139 1146 ignem,

185 1150 415 1200 Disjecitque
433 1158 542 1195 rates,
559 1152 764 1200 evertitque
783 1163 940 1200 aequora
955 1150 1074 1188 ventis
1089 1162 1099 1193 ;

184 1203 301 1247 Illum,
325 1205 570 1254 exspirantem
591 1207 769 1243 transfixo
788 1211 936 1254 pectore
952 1205 1127 1249 flammas,

183 1258 348 1295 Turbine
367 1259 554 1308 corripuit,
576 1260 796 1309 scopuloque
814 1259 935 1296 infixit
950 1263 1070 1296 acuto.

186 1314 253 1350 Ast
273 1326 353 1361 ego,
375 1325 466 1361 quae
485 1314 609 1350 divom
628 1314 760 1350 incedo
779 1314 918 1362 regina,
939 1312 1118 1361 Jovisque
1291 1311 1342 1348 00

186 1366 233 1402 Et.
253 1379 354 1404 soror
373 1374 410 1404 et
429 1367 601 1415 conjunx,
623 1380 697 1404 una
716 1380 798 1404 eum
817 1375 930 1416 gente
949 1371 1006 1404 tot
1025 1377 1141 1403 annos

186 1419 287 1457 Bella
306 1433 408 1469 gero.
468 1421 516 1458 Et
536 1422 724 1470 quisquam
747 1433 882 1458 numen
900 1421 926 1458 J
930 1420 1062 1457 unonis
1081 1419 1211 1457 adoret

183 1474 388 1518 Praeterea,
410 1480 474 1512 aut
492 1475 647 1524 supplex
666 1476 737 1512 aris
756 1475 922 1524 imponat
940 1475 1117 1511 honorem
1131 1471 1150 1509 ἱ)

234 1527 338 1565 Talia
356 1529 542 1566 flammato
561 1542 694 1574 secum,
717 1529 796 1572 dea,
819 1528 928 1566 corde
947 1528 1131 1572 volutans,

180 1581 398 1618 Nimborum
416 1583 455 1618 in
475 1583 641 1631 patriam,
661 1583 741 1620 loca
758 1583 832 1619 feta
851 1582 1058 1619 furentibus
1077 1579 1220 1627 austris,
1290 1581 1341 1618 55

181 1635 347 1672 Aeoliam
366 1636 480 1673 venit.
536 1636 611 1673 Hic
630 1643 734 1674 vasto
752 1649 815 1673 rex
835 1636 974 1673 Aeolus
994 1640 1102 1673 antro

179 1688 374 1726 Luctantis
395 1699 523 1727 ventos
543 1696 850 1739 tempestatesque
868 1702 1020 1727 sonoras

163 1743 337 1792 xImperio
355 1744 500 1792 premit,
520 1756 561 1781 ac
581 1744 710 1781 vinclis
730 1752 767 1781 et
786 1757 930 1781 carcere
948 1743 1081 1781 frenat.

179 1796 236 1833 Illi
256 1797 503 1845 indignantes»,
526 1810 661 1846 magno
677 1811 760 1835 cum
780 1810 977 1843 murmure,
998 1796 1136 1834 montis

178 1851 325 1887 Circum
344 1851 504 1888 claustra
522 1852 684 1889 fremunt
700 1865 708 1889 ε
739 1851 834 1888 celsa
852 1851 956 1889 sedet
975 1849 1116 1888 Aeolus
1134 1861 1228 1895 aree,
1284 1847 1336 1886 60

178 1907 330 1953 Sceptra
349 1911 489 1948 teneus,
509 1905 700 1954 mollitque
719 1906 870 1948 animos,
891 1911 928 1943 et
947 1908 1129 1953 temperat
1145 1903 1229 1941 iras.

175 1959 225 1995 Ni
244 1960 363 2000 faeiat,
386 1959 498 1995 maria
512 1972 553 1995 ac
574 1965 688 1996 terras
708 1960 922 2008 coelumque
940 1957 1164 2008 profundum

178 2013 324 2061 Quippe
343 2013 461 2049 ferant
476 2013 593 2061 rapidi
613 2026 746 2057 secum,
768 2019 989 2061 verrantque
1007 2024 1073 2061 per
1091 2023 1215 2048 auras.

178 2066 249 2102 Sed
270 2072 372 2115 pater
391 2067 624 2115 omnipotens
645 2067 832 2115 speluncis
852 2066 993 2103 abdidit
1012 2065 1112 2111 atris,

179 2119 260 2156 Hoc
282 2126 447 2157 metuens
467 2133 475 2163 ;
505 2121 709 2168 molemque
728 2127 765 2158 et
783 2120 918 2157 montis
936 2120 1086 2168 insuper
1104 2118 1198 2157 altos
1281 2116 1331 2155 65

178 2173 365 2222 Imposuit,
387 2186 583 2222 regemque
598 2174 712 2219 dedit,
735 2174 797 2223 qui
815 2174 962 2210 foedere
981 2178 1083 2211 certo

178 2227 225 2264 Et
246 2240 408 2276 premere
423 2235 460 2265 et,
479 2228 579 2264 laxas
598 2228 708 2264 sciret
726 2228 814 2264 dare
822 2227 948 2277 jussus
966 2227 1140 2264 habenas.

176 2281 233 2317 Ad
256 2294 365 2329 quem
385 2288 462 2318 tum
481 2282 506 2318 J
511 2294 584 2318 uno
603 2281 757 2330 supplex
776 2282 833 2318 his
853 2282 1002 2318 vocibus
1020 2293 1087 2317 usa
1105 2283 1183 2317 est:

228 2335 352 2379 Aeole,
375 2348 531 2383 namque
551 2336 618 2372 tibi
638 2336 759 2372 divom
780 2342 894 2385 pater,
915 2340 1026 2384 atque
1043 2333 1231 2371 hominum
1252 2345 1330 2377 rex,

178 2387 225 2424 Et
246 2389 404 2425 mulcere
423 2390 526 2425 dedit
545 2389 736 2427 fluctuset
754 2389 883 2427 tollere
899 2398 1010 2427 vento
1031 2400 1040 2431 3
1280 2385 1332 2425 70

178 2442 277 2478 Gens
291 2442 436 2479 inimica
457 2442 543 2478 mihi
560 2443 792 2493 Tyrrhenum
813 2442 963 2492 navigat
982 2453 1129 2491 aequor,
