1475 2712
580 175 792 206 cfflmmmu
809 176 837 213 1,

312 276 401 315 One
423 272 635 312 XXl.--In
651 272 825 311 Dianam
840 277 876 311 et
893 272 1115 324 Apollinem.

190 368 400 409 „quNAM
420 373 564 404 tenerae
584 364 691 402 dicite
711 365 890 413 virgines:

153 419 158 430 ⁷
221 421 425 467 intonsum,
444 419 554 468 pueri,
572 418 680 456 dicite
697 416 926 468 Cynthium3

278 475 544 522 Latonamque,
564 484 735 522 supremo

334 527 516 565 Dilectum
536 527 680 575 penitus
698 525 722 564 J
724 525 797 562 ovi.

222 582 299 620 Vos
317 583 448 619 laetam
468 579 600 625 fluviis,
614 586 651 616 et.
669 590 863 616 nemorum
881 591 1003 625 coma,

224 637 480 683 Quaecunque
499 638 561 671 aut
579 633 695 681 gelido
714 632 898 683 prominet
916 631 1061 682 Algido,

273 688 391 737 Nigris
406 695 466 725 aut
482 687 707 737 Erymanthi
728 700 737 733 3

333 742 452 787 Silvis,
472 746 535 777 aut
555 739 678 776 viridis
700 740 832 788 Cragi3

221 795 299 834 Vos
317 795 459 844 Tempe
478 793 625 831 totidem
645 794 757 830 tollite
777 792 958 836 laudibus,

219 849 477 898 Natalemque‚
497 859 631 894 mares,
651 847 769 884 Delon
789 844 983 898 Apollinis,

281 902 539 951 Insignemque
558 901 740 952 pharetra,

331 956 580 1004 Fraternaque
600 956 794 992 humerum
809 954 898 1005 lyra.

222 1009 298 1046 Hic
317 1009 452 1046 bellum
467 1009 716 1054 lacrimosum,
737 1007 797 1045 hic
818 1009 988 1046 miseram
1009 1007 1161 1055 samem,

222 1063 450 1111 Pestemque,
470 1075 492 1098 a
510 1062 658 1112 populo,
677 1062 846 1112 principe
861 1062 1034 1109 Caesare,
1051 1063 1089 1099 in

277 1117 410 1155 Persas
429 1122 535 1164 atque
557 1116 750 1152 Britannos

329 1169 460 1207 Vestra
481 1174 598 1206 motus
617 1175 698 1218 aget
715 1180 841 1219 prece.

311 1275 401 1315 01)ss
431 1275 685 1316 xxm-Act
708 1277 894 1317 Aristium
922 1277 1098 1317 Fuscum.

219 1393 403 1431 INTEGER
423 1395 532 1440 vitae,
549 1394 767 1445 scelerisque
786 1407 911 1444 purus,

222 1445 255 1483 N
262 1460 308 1484 on
329 1453 408 1496 eget
426 1447 568 1485 Mauris
583 1447 726 1496 jaculis,
749 1460 867 1499 neque
887 1461 989 1496 arcu,

221 1499 304 1539 Nec
322 1501 511 1538 venenatis
529 1501 677 1550 gravida
701 1503 849 1552 sagittis,

326 1554 458 1602 Fusce,
479 1555 649 1604 pharetra
669 1568 679 1603 ς

220 1606 305 1646 Sive
324 1620 388 1657 per
409 1608 531 1658 Syrtes
548 1610 615 1647 iter
633 1616 820 1648 aestuosas

220 1661 305 1699 Sive
324 1660 483 1700 facturus
501 1675 566 1713 per
584 1662 840 1713 inhospitalem

219 1715 444 1761 Caucasum,
463 1717 521 1753 vel
541 1729 636 1765 quae
651 1719 733 1755 loca
752 1715 940 1755 fabulosus

328 1769 474 1806 Lambit
494 1769 707 1820 Hydaspes.

222 1822 395 1872 Namque
415 1834 475 1860 me
494 1823 585 1860 silva
603 1824 712 1874 lupus
726 1824 763 1861 in
783 1822 933 1870 Sabina,

213 1875 311 1913 Dum
332 1887 455 1914 meam
474 1882 583 1914 canto
603 1876 776 1926 Lalagen,
796 1882 833 1914 et
853 1877 946 1916 ultra

219 1929 435 1968 Terminum
456 1931 553 1968 curis
572 1943 683 1980 vagor
701 1930 906 1981 expeditus,

322 1982 429 2032 Fugit
446 1984 637 2023 inermem.

217 2037 337 2083 Quale
356 2043 560 2086 portentum
581 2049 700 2088 neque
712 2038 872 2076 militaris

216 2089 384 2128 Daunias
402 2091 482 2128 latis
500 2092 565 2130 alit,
582 2092 786 2139 aesculetis,

218 2143 301 2183 Nec
318 2143 342 2183 J
344 2144 438 2181 ubae
455 2144 559 2181 tellus
576 2150 732 2193 generat,
750 2146 900 2185 leonum

327 2196 442 2235 Arida
461 2199 593 2235 nutrix.
614 2214 619 2217 ·

218 2251 319 2288 Pone
337 2262 394 2288 me
413 2251 520 2300 pigris
535 2251 594 2289 ubi
611 2252 709 2290 nulla
728 2254 870 2303 campis

217 2304 341 2343 Arbor
359 2305 495 2342 aestiva
513 2311 693 2344 recreatur
711 2318 801 2344 aura
819 2320 829 2354 3

220 2358 331 2405 Quod
347 2358 441 2395 latus
460 2357 585 2397 mundi
606 2359 762 2398 nebulae
781 2360 972 2410 malusque

320 2411 460 2465 Jupiter
477 2419 626 2464 urguet:

1252 167 1303 208 17

1259 847 1304 883 10

1256 1115 1301 1152 15

1254 1880 1299 1915 10

1248 2146 1305 2183 15-
