1475 2712
470 245 666 272 Annmnos
685 245 713 271 1.
1122 233 1169 270 21

14 343 184 382 s'rateras
202 357 356 393 magnos
375 347 554 385 statuunt,
576 348 612 380 et
632 343 716 379 vina
735 346 928 379 coronant.

15 397 74 436 Fit
93 397 270 446 strepitus
289 397 408 441 tectis,
429 408 627 444 vocemque
645 409 710 444 per
725 395 846 444 ampla
866 395 1036 433 volutant

10 451 140 489 Atria:
168 451 380 500 dependent
397 449 523 498 lychni
542 449 773 497 laquearibus
791 448 911 485 aureis
1095 447 1172 485 730

12 504 167 548 Incensi,
189 511 227 542 et
244 511 389 542 noete-m
408 503 561 540 flammis
579 503 720 539 funalia
738 502 904 539 vineunt.

11 557 86 595 Hie
103 558 232 605 regina
250 570 397 606 gravem
418 556 572 605 gemmis
590 569 752 604 auroque
770 555 937 604 poposcit

11 611 252 660 Implevitque
272 623 370 648 mero
390 618 564 659 pateram,
586 623 693 658 quam
714 609 824 646 Belus
843 614 880 646 et
899 620 1026 645 omnes

9 665 43 700 A
67 664 157 702 Belo
175 665 284 702 soliti.
343 664 438 701 Tum
456 664 554 701 facta
572 664 718 700 silentia
736 662 855 700 tectis.

8 716 164 766 Jupiter,
185 718 390 767 hospitibus
409 730 492 754 nam
513 723 550 755 te
568 718 657 754 dare
671 717 757 765 jura
774 716 988 764 loquuntur,
1095 713 1154 751 73*

10 771 125 809 Hune
144 771 279 809 laetum
302 771 496 820 Tyriisque
514 771 622 815 diem,
645 770 829 818 Trojaque
848 768 1034 817 profectis,

12 824 103 862 Esse
121 825 220 868 velis,
242 832 458 873 nostrosque
476 825 585 873 hujus
603 823 809 861 meminisse
827 823 997 859 minores.

11 877 124 916 Adsit
142 878 304 916 laetitiae
327 878 491 915 Bac-chus
510 879 629 919 dator,
651 887 688 915 et
707 878 805 914 bona
823 876 848 913 J
853 887 950 912 uno:

11 930 59 969 Et
81 944 155 975 vos,
176 944 210 977 o,
233 939 390 976 coetum,
413 932 517 982 Tyrii
535 932 542 969 !
572 931 755 969 celebrate
773 931 950 967 faventes.

61 985 179 1028 Dixit,
197 991 234 1023 et
252 985 290 1021 in
310 998 470 1022 mensam
491 986 642 1023 laticum
662 984 791 1022 libavit
811 983 1000 1027 honorem,
1102 982 1177 1020 740

8 1037 214 1086 Primaque,
234 1039 361 1082 libato,
382 1052 523 1076 summo
544 1045 651 1077 tenus
670 1039 797 1086 attigit
820 1050 898 1074 ore.

6 1090 102 1128 Tum
126 1091 241 1129 Bitiae
260 1092 364 1129 dedit
383 1093 621 1141 increpitans.
679 1092 746 1128 Ille
760 1091 916 1140 impiger
934 1089 1058 1127 hausit

9 1144 247 1193 Spumantem
268 1151 443 1193 pateram,
465 1154 502 1183 et
521 1147 630 1195 pleno
649 1158 687 1181 se
705 1145 845 1194 proluit
862 1156 952 1181 auro
969 1156 976 1180 :

9 1197 98 1236 Post
118 1199 178 1235 alii
199 1211 377 1247 proceres.
436 1199 588 1237 Cithara
608 1199 763 1237 crinitus
785 1198 892 1247 Iopas

8 1251 187 1289 Personat
205 1260 347 1293 aurata,
369 1252 496 1290 docuit
514 1266 608 1301 quae
627 1253 807 1289 maximus
827 1251 949 1288 Atlas.
1100 1249 1176 1288 745

7 1304 83 1342 Hic
101 1306 202 1343 canit
221 1312 404 1343 errantem
420 1306 556 1350 lunam,
578 1307 737 1353 solisque
755 1306 901 1342 labores
917 1317 926 1348 3

10 1358 121 1396 Unde
133 1359 323 1396 hominum
340 1372 469 1407 genus,
486 1367 523 1397 et
539 1361 698 1409 pecudes
713 1372 721 1401 ;
739 1359 840 1396 unde
854 1359 982 1399 imber,
1000 1363 1038 1395 et
1050 1357 1175 1405 ignes;

6 1411 224 1455 Arcturum,
245 1413 459 1462 pluviasque
479 1413 646 1463 Hyadas,
666 1413 908 1461 geminosque
929 1411 1108 1453 Triones;

7 1464 109 1510 Quid
129 1471 275 1503 tantum
292 1467 444 1503 Oceano
461 1473 660 1517 properent
675 1480 714 1503 se
733 1467 906 1514 tinguere
925 1465 1020 1502 soles

6 1518 178 1563 Hiberni‚
200 1520 257 1557 vel
277 1532 370 1568 quae
390 1521 504 1557 tardis
525 1534 627 1558 mora
647 1519 816 1557 noctibus
836 1520 972 1556 obstet.
1101 1516 1178 1556 750

7 1571 246 1621 Ingeminant
265 1575 396 1623 plausu
417 1574 533 1624 Tyrii,
557 1575 746 1622 Troesque
764 1578 983 1621 sequuntur.

57 1625 139 1663 Nee
157 1639 233 1663 non
253 1634 290 1665 et
310 1627 410 1664 vario
431 1636 576 1666 noctem
596 1640 766 1666 sermone
786 1627 958 1664 trahebat

6 1677 139 1716 Infelix
161 1680 273 1723 Dido,
295 1681 525 1730 longumque
543 1682 694 1719 bibebat
714 1693 890 1724 amorem,

5 1731 127 1770 Multa
144 1745 253 1782 super
276 1734 422 1772 Priamo
441 1735 621 1783 rogitans,
642 1747 752 1783 super
772 1734 939 1771 Hectore
959 1732 1077 1770 multa
1098 1745 1105 1774 ;

3 1784 124 1830 Nunc,
146 1788 278 1835 quibus
298 1787 464 1825 Aurorae
485 1789 642 1828 venisset
660 1789 756 1825 filius
775 1788 908 1829 armis;
1102 1786 1177 1824 7551

4 1838 125 1884 Nunc,
147 1841 271 1888 quales
293 1841 486 1879 Diomedis
506 1843 615 1891 equi;
645 1855 757 1885 nune,
779 1846 941 1890 quantus
961 1838 1141 1877 Achilles.

5 1890 122 1930 Immo
140 1906 221 1942 age,
242 1903 279 1933 et
298 1909 319 1932 a
338 1894 456 1945 prima
475 1896 546 1942 dic,
567 1896 715 1946 hospes,
737 1895 881 1943 origine
899 1894 1007 1931 nobis

5 1944 172 1991 Insidias,
193 1948 326 1997 inquit,
346 1949 530 1994 Danaum,
552 1962 731 1999 casusque
750 1954 913 1991 tuor-um,

5 1997 231 2049 Erroresque
252 2009 336 2040 tuos
356 2014 364 2039 t
393 2013 477 2039 nam
499 2009 536 2040 te
549 2003 627 2052 jam
648 2002 804 2051 septima
823 2005 949 2051 portat

6 2052 190 2092 Omnibus
209 2062 395 2094 errantem
418 2057 524 2095 terris
543 2063 581 2096 et
599 2057 774 2096 fluctibus
795 2063 930 2095 aestas.

1155 714 1171 745 w!
