1414 2666
180 192 230 231 46

625 201 837 230 GARMINUM
855 200 915 227 111.

284 300 510 348 Nostrisque
524 297 678 337 ductum
696 298 943 336 seditionibus

287 353 436 391 Bellum
454 352 605 390 resedit.
647 353 834 390 Protenus
854 357 891 389 et
910 363 1044 400 graves

337 407 429 448 Iras,
451 410 489 443 et
502 405 664 443 invisum
683 410 871 454 nepotem,

389 460 524 496 Troica
538 472 647 508 quem
667 459 812 509 peperit
831 458 1016 502 sacerdos,

283 513 399 551 Marti
418 513 621 551 redonabo.
679 513 791 550 Illum
810 525 882 562 ego
900 511 1046 550 lucidas

281 567 382 604 Inire
401 567 520 612 sedes,
541 567 678 604 ducere
698 566 857 604 nectaris

334 621 484 664 Succos,
506 626 544 659 et
559 620 719 657 adscribi
738 620 874 669 quietis

387 673 594 711 Ordinibus
613 674 733 723 patiar
752 673 921 711 deorum.

280 728 384 765 Dum
404 728 541 777 longus
559 727 659 765 inter
678 727 819 764 saeviat
838 726 937 764 Ilion

282 782 521 830 Romamque
539 787 679 830 pontus
695 794 704 825 ;
734 780 902 829 qualibet
922 779 1071 818 exsules

332 836 378 872 In
398 840 503 882 parte
522 840 701 882 regnanto
719 834 845 871 beati:

385 888 489 924 Dum
509 888 640 936 priami
663 887 885 936 Paridisque
902 887 1015 925 busto

278 943 440 980 Insultet
460 946 683 987 armentum,
705 946 743 978 et
762 940 906 978 catulos
924 940 1024 978 ferae

280 996 415 1033 Celent
433 995 600 1038 inultae;
631 999 706 1032 stet
727 993 955 1044 Capitolium

333 1050 510 1098 Fulgens,
532 1047 846 1097 triumphatisque
865 1047 983 1097 possit

383 1103 506 1141 Roma
524 1102 630 1139 ferox
644 1102 734 1139 dare
745 1102 834 1151 jura
849 1101 987 1139 Medis.

275 1156 480 1194 Horrenda
498 1156 574 1194 late
593 1168 730 1193 nomen
757 1156 797 1192 in
817 1155 966 1193 ultimas

279 1211 473 1249 Extendat
493 1222 587 1255 oras,
605 1222 679 1258 qua
698 1210 843 1246 medius
861 1208 987 1257 liquor

332 1264 503 1302 Secernit
519 1263 698 1312 Europen
713 1263 760 1300 ab
780 1261 888 1307 Afro,

385 1317 473 1363 Qua
491 1317 660 1355 tumidus
678 1317 779 1365 rigat
798 1328 887 1354 arva
906 1315 1018 1353 Nilus
1038 1329 1047 1360 ;

274 1371 423 1409 Aurum
444 1371 682 1421 irrepertum,
704 1376 742 1408 et
761 1369 815 1407 sic
834 1369 967 1406 melius
985 1369 1111 1416 situm,

275 1425 372 1463 Cum
391 1430 492 1462 terra
510 1425 619 1469 celat,
640 1436 815 1472 spernere
833 1422 976 1469 fortior,

329 1479 455 1524 Quam
474 1490 610 1527 cogere
627 1477 812 1514 humanos
830 1476 869 1513 in
886 1488 977 1513 usus

381 1531 506 1569 Omne
525 1544 671 1569 sacrum
690 1531 861 1580 rapiente
880 1530 1027 1570 dextra.

277 1585 504 1635 Quicunque
518 1585 661 1623 mundo
679 1584 863 1623 terminus
877 1583 1037 1631 obstitit,

276 1639 394 1677 Hunc
408 1645 543 1688 tangat
562 1638 674 1677 armis
692 1651 702 1683 ;
732 1638 852 1675 visere
870 1638 1048 1687 gestiens,

330 1693 417 1739 Qua
435 1698 543 1744 parte
562 1692 841 1730 debacchentur
859 1691 979 1741 ignes,

385 1747 472 1793 Qua
490 1747 651 1790 nebulae
669 1746 864 1795 pluviique
877 1758 995 1784 rores.

279 1800 355 1838 Sed
368 1801 555 1839 bellicosis
573 1801 651 1839 fata
672 1799 885 1845 Quiritibus

276 1853 362 1892 Hac
381 1854 466 1904 lege
485 1856 594 1899 dico;
624 1867 673 1891 ne
691 1853 849 1890 nimium
863 1852 926 1902 pii,

332 1907 540 1958 Rebusque
557 1907 730 1952 fidentes,
747 1906 870 1944 avitae

386 1961 505 2000 Tecta
523 1961 643 1999 velint
661 1972 835 2009 reparare
856 1959 1006 2011 Trojae.

278 2013 416 2064 Trojae
435 2028 633 2053 renascens
653 2014 742 2052 alite
760 2013 913 2062 lugubri
954 2024 958 2026 ’

278 2068 449 2107 Fortuna
467 2069 568 2108 tristi
587 2068 693 2106 clade
711 2067 922 2114 iterabitur,

333 2122 511 2161 Ducente
529 2122 703 2161 victrices
714 2125 883 2159 catervas

387 2176 562 2226 Conjuge
578 2189 638 2214 me
656 2175 683 2213 J
685 2176 764 2213 ovis
784 2180 823 2213 et
842 2187 979 2214 sorore.

283 2229 358 2268 Ter
377 2231 408 2268 si
426 2235 592 2280 resurgat
610 2241 738 2267 murus
757 2232 908 2275 aeneus,

278 2285 450 2322 Auctore
468 2285 636 2331 Phoebo,
656 2289 717 2322 ter
733 2287 862 2334 pereat
878 2282 969 2320 meis

334 2337 494 2377 Excisus
511 2338 666 2388 Argivis
685 2351 695 2384 3
724 2342 784 2376 ter
801 2348 899 2374 uxor

389 2391 512 2442 Capta
529 2393 651 2430 virum
669 2402 881 2442 puerosque
898 2390 1091 2440 ploret.—

280 2443 371 2484 Non
388 2444 481 2484 haec
492 2446 646 2496 jocosae
659 2444 890 2484 conveniunt
908 2444 1035 2496 lyrae:

1306 352 1358 390 30

1302 619 1352 656 35

1303 887 1355 924 40

1302 1156 1353 1194 45

1305 1424 1356 1462 50

1305 1693 1355 1731 55

1305 1960 1357 2000 60

1302 2227 1353 2267 65
