1414 2666
265 224 315 262 60
666 233 704 260 P.
733 232 858 261 ovmn
883 232 1046 261 NAsoms
1339 221 1414 274 [m

317 330 468 368 Moenia.
525 329 723 368 Germanae
744 330 847 380 justa
865 331 931 368 dat
949 335 1038 369 ante
1054 341 1143 368 suae.
1356 330 1414 369 561

263 385 379 423 Mista
397 385 533 422 bibunt
551 384 679 421 molles
698 384 869 434 lacrymis
888 389 1083 433 unguenta
1099 383 1233 421 favsslae
1249 397 1259 429 ;

314 439 465 476 Vertice
482 437 615 476 libatas
633 438 893 487 accipiuntque
911 451 1044 476 comas„

264 492 424 540 Terque,
444 491 550 537 Vale,
571 492 667 530 dixit
683 505 691 529 :
721 492 863 529 cineres
881 498 939 530 ter
957 492 1006 530 ad
1024 504 1089 530 ora
1106 491 1243 530 relatos

316 546 466 589 Pressit,
486 551 524 583 et
542 551 599 583 est
615 546 687 582 illis
706 545 782 583 visa
800 547 950 584 subesse
967 557 1082 584 soror.

260 600 382 637 Nacta
399 605 516 636 ratem
537 600 783 648 comitemque
801 600 900 649 tugae
920 600 1014 649 pede
1032 599 1172 637 labitur
1190 610 1309 649 aequo,
1356 597 1414 636 56.

312 653 450 691 Moenia
468 653 678 702 respiciens,
699 654 808 690 dulce
826 654 960 691 sororis
978 666 1082 703 opus.

260 706 408 745 Fertilis
426 712 483 744 est
504 707 646 751 Melite,
667 707 784 744 sterili
803 707 925 744 vicina
944 707 1096 757 Cosyrae

312 761 448 806 Insula,
470 773 581 810 quam
601 761 736 810 Libyci
754 761 925 798 verberat
943 761 1046 798 unda
1063 761 1161 799 freti.

255 814 368 852 Hanc
387 815 494 865 petit,
515 814 676 863 hospitio
695 814 794 862 regis
813 814 952 851 confisa
969 819 1118 853 vetusto
1134 828 1143 859 ;

309 868 458 918 Hospes
477 880 589 917 opum
608 868 711 905 dives
729 880 796 905 rex
813 867 867 904 ibi
881 867 1018 906 Battus
1036 874 1128 907 erat.
1357 867 1414 908 57⁴

258 923 334 968 Qui
354 930 549 972 postquam
569 921 702 959 didicit
720 934 825 958 casus
845 922 1039 971 utriusque
1057 921 1206 968 sororis,

310 976 419 1021 Haee,
439 976 573 1025 inquit,
593 975 706 1013 tellus
722 975 1048 1025 quantulacunque
1065 981 1133 1014 tua
1150 981 1221 1014 est.

258 1030 309 1068 Et
328 1036 453 1067 tamen
472 1029 624 1079 hospitii
639 1033 820 1066 servasset
837 1029 885 1066 ad
903 1029 1037 1067 ultima
1055 1041 1190 1067 munus
1205 1042 1215 1074 ;

312 1083 385 1121 Sed
406 1083 531 1121 timuit
549 1095 702 1131 magnas
724 1082 979 1132 Pygmalionis
997 1096 1101 1133 opes.

258 1138 374 1186 Signa
393 1144 629 1174 recensuerat
649 1137 704 1173 bis
723 1137 779 1173 sol
798 1149 888 1174 sua:
909 1136 1044 1175 tertius
1062 1137 1142 1176 ibat
1355 1138 1414 1177 571

310 1192 454 1236 Annus,
476 1196 514 1228 et
534 1190 722 1227 exsulibus
740 1195 840 1228 terra
858 1191 1020 1240 petenda
1037 1203 1134 1229 nova
1152 1195 1221 1228 est.
1258 1192 1260 1194 ’

258 1245 389 1282 Frater
409 1245 526 1289 adest,
546 1245 718 1293 belloque
736 1245 842 1293 petit.
897 1244 984 1282 Rex
1001 1256 1106 1282 arma
1120 1257 1286 1295 perosus„

312 1299 389 1336 Nos
408 1311 535 1335 sumus
554 1298 732 1342 imbelles,
754 1304 796 1335 tu
814 1298 902 1347 fuge
921 1310 1057 1347 sospeS,
1077 1299 1144 1338 ait.

256 1352 280 1390 J
285 1366 368 1390 ussa
387 1352 484 1401 fugit
500 1365 509 1396 ;
531 1358 718 1400 ventoque
736 1357 851 1389 ratem
874 1352 1076 1390 committit
1093 1357 1132 1391 et
1149 1353 1276 1390 undis.
1368 1387 1370 1389 ,

311 1407 489 1456 Asperior
505 1406 634 1454 quovis
653 1418 802 1454 aequore
820 1405 936 1443 frater
954 1410 1047 1443 erat.
1354 1406 1414 1444 58«

258 1460 328 1497 Est
347 1473 462 1509 prope
481 1459 641 1508 piscosos
660 1458 818 1508 lapidosi
839 1458 1029 1497 Crathidis
1047 1471 1175 1498 amnes

312 1514 453 1551 Parvus
470 1524 576 1561 ager:
607 1512 791 1551 Cameren
809 1512 930 1550 incola
948 1513 1060 1551 turba
1077 1518 1228 1554 vocant.

257 1567 352 1605 Illuc
371 1580 499 1605 cursus
519 1572 612 1604 erat.
668 1566 749 1603 Nec
767 1566 916 1615 longius
935 1566 1054 1605 abfuit
1072 1567 1172 1614 inde,

312 1623 436 1666 Quam
455 1626 635 1670 quantum
654 1620 782 1657 novies
801 1621 949 1658 mittere
964 1620 1084 1658 funda
1099 1626 1239 1671 potest.

257 1676 353 1713 Vela
371 1675 512 1713 cadunt
531 1675 661 1724 primo,
683 1680 720 1711 et
740 1674 854 1711 dubia
872 1674 1059 1713 librantur
1078 1676 1126 1713 ab
1144 1688 1246 1715 aura.
1354 1674 1414 1714 58.Ι

310 1729 462 1767 Findite
480 1728 649 1777 remigio,
668 1728 795 1766 navita
813 1728 922 1774 dixit,
941 1741 1066 1777 aquaS.

255 1783 434 1831 Dumque
453 1790 586 1832 parant
606 1786 706 1820 torto
725 1781 934 1819 subducere
952 1781 1104 1820 carbasa
1129 1782 1220 1829 lino,

309 1837 526 1875 Percutitur
544 1836 675 1885 rapido
694 1836 829 1886 puppis
847 1835 995 1874 adunca
1014 1836 1119 1875 Noto
1137 1850 1146 1874 :

256 1890 375 1938 Inque
396 1897 529 1939 patens
549 1902 686 1938 aequor,
706 1889 846 1927 frustra
862 1894 1056 1939 pugnante
1074 1890 1260 1939 magistro,

310 1943 448 1982 Fertur
463 1957 471 1982 :
494 1949 532 1981 et
550 1956 596 1980 ex
616 1943 731 1980 oculis
751 1943 829 1980 visa
847 1943 986 1991 refugit
1004 1943 1151 1981 humus.
1353 1945 1414 1984 59(

255 1997 449 2036 Adsiliunt
467 1998 614 2042 fluetus,
634 1996 781 2044 imoque
798 2009 820 2034 a
838 1998 989 2046 gurgite
1006 2002 1146 2046 pontus

310 2051 492 2097 Vertitur,
513 2057 551 2089 et
570 2063 680 2088 canas
698 2051 824 2087 alveus
843 2051 968 2089 haurit
985 2063 1112 2100 aquas.

255 2105 432 2143 Vincitur
451 2118 510 2142 ars
529 2111 662 2142 vento:
685 2117 754 2141 nec
767 2104 848 2153 jam
866 2105 1080 2143 moderator
1093 2105 1247 2143 habenis

310 2159 453 2205 Utitur,
474 2164 514 2197 at
535 2159 631 2196 votis
649 2158 679 2194 is
699 2170 847 2207 quoque
865 2158 984 2207 poscit
1003 2171 1125 2208 opem.

254 2212 279 2249 J
283 2219 429 2250 actatur
447 2213 610 2250 tumidas
629 2212 733 2249 exsul
754 2212 943 2250 Phoenissa
960 2225 1027 2261 per
1044 2212 1176 2260 undas,
1351 2213 1414 2253 595

308 2266 549 2315 Humidaque
569 2266 739 2315 opposita
756 2265 898 2303 lumina
916 2271 1019 2304 veste
1032 2266 1140 2315 tegit.

255 2319 353 2357 'sum
373 2322 534 2370 primum
553 2319 656 2356 Dido
673 2320 762 2356 felix
780 2325 837 2357 est
855 2319 957 2357 dicta
974 2320 1103 2366 sorori,

309 2373 360 2411 Et
379 2385 609 2422 quaecunque
627 2373 783 2422 aliquam
804 2385 960 2422 corpore
977 2373 1113 2423 pressit
1125 2373 1296 2412 humum.

256 2427 403 2476 Figitur
423 2428 470 2464 ad
491 2428 660 2464 Laurens
679 2427 824 2475 ingenti
841 2427 991 2464 flamine
1008 2427 1115 2466 littus

307 2481 447 2530 Puppis
463 2495 471 2518 ε
502 2488 553 2527 et,
574 2481 750 2529 expositis
769 2481 952 2527 omnibus,
971 2481 1105 2520 hausta
1122 2481 1235 2531 perit.
1350 2479 1414 2519 60(
