1414 2666
167 151 219 192 74
610 165 822 194 CARMINUM
840 164 895 192 1v.

273 261 442 309 Sensere,
465 262 557 312 quid
575 275 679 300 mens
693 263 776 309 rite,
798 262 889 312 quid
908 261 1055 299 indoles

264 314 423 354 Nutrita
436 316 566 353 faustis
585 317 653 353 sub
671 317 925 366 penetralibus

321 369 464 416 Posset,
486 370 578 419 quid
592 370 759 419 Augusti
776 375 956 420 paternus

366 423 413 460 In
431 437 567 474 pueros
581 425 726 462 animus
744 425 929 461 Nerones.

267 476 402 515 Fortes
421 482 598 515 creantur
616 478 777 516 fortibus
796 483 834 515 et
851 476 962 514 bonis
978 488 988 513 τ

267 529 336 569 Est
356 531 395 567 in
409 531 594 580 juvencis,
616 537 672 570 est
690 532 730 568 in
749 531 866 581 equis,
886 535 1040 580 patrum

316 584 449 623 Virtus
465 598 474 629 ;
503 597 572 622 nec
586 585 774 622 imbellem
793 586 934 622 feroces

370 639 631 688 Progenerant
646 640 794 688 aquilae
813 638 1038 676 columbam.

258 691 446 730 Doctrina
464 693 531 730 sed
549 693 624 730 vim
643 698 838 743 promovet
853 692 1016 735 insitam,

261 745 448 796 Rectique
468 747 592 784 cultus
611 752 766 796 pectora
784 746 965 783 roborant
981 757 990 782 :

318 800 523 849 Utcunque
543 800 712 837 defecere
731 812 865 845 mores,

376 853 606 891 Indecorant
625 854 722 890 bene
740 858 831 890 nata
850 852 996 901 culpae.

263 907 367 952 Quid
387 907 535 952 debeas,
552 920 574 944 o
595 906 720 944 Roma
739 907 748 944 1
778 906 1007 952 Neronibus,

265 961 389 998 Testis
410 961 626 999 Metaurum
645 961 797 1005 flumen,
819 964 858 998 et
876 958 1096 997 Hasdrubal

319 1014 514 1061 Devictus,
538 1020 576 1052 et
595 1014 751 1063 pulcher
769 1014 910 1063 fugatis

373 1068 441 1106 llle
461 1069 540 1106 dies
561 1068 673 1106 Latio
687 1069 864 1113 tenebris,

265 1121 342 1168 Qui
361 1123 503 1172 primus
523 1123 620 1159 alma
639 1122 722 1159 risit
742 1122 879 1159 adorea
898 1134 910 1165 ;

261 1175 382 1214 Dirus
401 1189 468 1226 per
487 1177 598 1214 urbes
618 1177 711 1213 Afer
730 1181 775 1214 ut
794 1175 921 1220 Italas,

321 1230 400 1267 Ceu
419 1231 567 1267 flamma
587 1243 654 1279 per
673 1230 813 1275 taedas,
834 1229 894 1266 vel
916 1228 1041 1266 Eurus

370 1283 443 1321 Per
464 1284 608 1321 Siculas
628 1284 812 1333 equitavit.
829 1283 965 1320 undas.

263 1338 355 1377 Post
375 1338 447 1375 hoc
466 1337 639 1375 secundis
658 1350 777 1386 usque
794 1336 987 1373 laboribus

263 1392 439 1430 Romana
457 1392 576 1441 pubes
596 1392 725 1436 crevit,
747 1396 785 1428 et
803 1390 919 1439 impio

315 1447 476 1483 Vastata
495 1445 710 1482 Poenorum
730 1444 899 1482 tumultu

368 1499 472 1536 Fana
492 1499 583 1536 deos
602 1499 768 1536 habuere
786 1503 934 1542 rectos;

260 1553 450 1603 Dixitque
469 1553 622 1591 tandem
641 1552 807 1602 perfidus
825 1551 1021 1590 Hannibal
1042 1564 1052 1590 2

261 1607 384 1653 Cervi,
402 1608 577 1657 luporum
596 1607 737 1656 praeda
756 1606 960 1655 rapacium,

312 1662 506 1699 Sectamur
525 1661 638 1706 ultro,
660 1673 753 1710 quos
771 1660 917 1710 opimus

365 1715 510 1753 Fallere
529 1720 567 1753 et
586 1715 752 1764 effugere
769 1718 827 1752 est
845 1713 1073 1763 triumphus.

256 1769 372 1816 Gens,
393 1782 502 1819 quae,
523 1774 688 1806 cremato
707 1768 815 1806 fortis
835 1768 883 1805 ab
902 1767 986 1814 Ilio,

259 1823 412 1862 Jactata
433 1823 564 1860 Tuscis
584 1822 808 1872 aequoribus
828 1834 943 1867 sacra,

310 1878 521 1926 Natosque,
545 1881 790 1925 maturosque
809 1881 950 1925 patres,

366 1931 530 1969 Pertulit
549 1930 737 1967 Ausonias
763 1929 812 1966 ad
830 1929 954 1975 urbes,

258 1984 378 2022 Duris
396 1990 440 2022 ut
456 1985 532 2022 ilex
551 1989 660 2022 tonsa
677 1983 917 2032 bipennibus,

255 2038 398 2087 Nigrae
417 2039 549 2076 feracis
568 2037 712 2076 frondis
731 2037 770 2073 in
791 2036 946 2085 Algido,

310 2092 383 2130 Per
403 2093 549 2137 damna,
571 2105 638 2142 per
657 2090 801 2136 caedes,
823 2091 870 2127 ab
889 2090 970 2139 ipso

362 2147 481 2184 Ducit
501 2159 589 2195 opes
609 2145 849 2194 animumque
868 2144 981 2181 ferro.

255 2200 345 2238 Non
364 2200 512 2249 Hydra,
534 2205 636 2237 secto
655 2211 822 2248 corpore,
841 2198 983 2235 firmior

256 2254 369 2292 Vinci
389 2254 580 2292 dolentem
597 2254 714 2290 crevit
733 2252 774 2288 in
793 2251 1010 2299 Herculem,

306 2308 566 2346 Monstrumve
586 2307 788 2344 submisere
809 2305 942 2342 Colchi

361 2361 496 2411 Majus,
518 2361 770 2398 Echioniaeve
790 2359 957 2397 Thebae.

254 2417 397 2456 Merses
417 2415 618 2466 profundo,
638 2413 830 2465 pulchrior
849 2413 999 2452 evenit:

1295 263 1350 302 25

1294 531 1346 569 30

1294 1068 1348 1107 40

1285 1339 1339 1378 45

1283 1609 1338 1648 50

1286 1876 1337 1916 55

1281 2145 1333 2184 60

1274 2413 1325 2453 65
