1475 2712
541 176 752 206 οΑΒΜῙΝΠΜ
771 179 797 207 1.
1217 170 1267 208 15

348 275 436 312 Om:
465 273 713 314 XV11.-Ad
734 276 997 327 Tyndaridem.

194 366 335 405 Venox
354 379 547 405 amoenum
567 379 677 418 saepe
697 367 915 406 Lucretilem

195 419 317 458 Mutat
337 421 483 471 Lycaeo
502 421 664 468 Faunus,
685 428 720 458 et
739 423 881 471 igneam

249 473 420 511 Defendit
445 481 619 512 aestatem
639 476 788 524 capellis

299 527 424 578 Usque
445 529 547 575 meis,
567 529 782 579 pluviosque
801 536 941 567 ventos.

197 580 356 630 Impune
374 587 491 619 tutum
513 595 576 631 per
596 594 725 620 nemus
740 583 885 620 arbutos
1247 583 1268 618 5

197 633 390 680 Quaerunt
409 636 570 681 latentes,
591 642 628 672 et
645 635 784 686 thyma,
805 636 933 674 deviae

249 687 388 725 Olentis
406 700 540 726 uxores
556 690 671 726 mariti
693 703 702 738 3

303 740 384 778 Nec
403 741 536 779 virides
555 748 721 780 metuunt
741 743 921 789 colubras,

197 793 279 832 Nec
297 793 484 832 Martiales
502 795 702 834 haeduleae
723 796 849 846 lupos:

201 847 395 898 Utcunque
419 849 528 894 dulci,
550 850 724 900 Tyndari,
742 850 861 887 fistula
1226 850 1271 886 10

252 900 384 949 Valles,
405 909 441 939 et
458 902 605 941 Usticae
625 904 792 941 cubantis

308 956 421 993 Levia
443 968 659 1006 personuere
679 969 786 994 saxa.

200 1008 250 1045 Di
270 1021 329 1046 me
347 1015 514 1047 tuentur:
544 1011 599 1048 dis
610 1012 725 1061 pietas
746 1023 826 1048 mea

204 1062 253 1099 Et
272 1075 376 1100 musa
398 1063 494 1100 cordi
515 1070 582 1101 est.
640 1063 713 1101 Hic
732 1065 796 1101 tibi
818 1066 924 1115 copia

254 1115 424 1153 Manabit
434 1116 479 1153 ad
500 1118 648 1166 plenum
668 1117 821 1166 benigno

306 1169 413 1207 Ruris
433 1169 612 1208 honorum
632 1170 803 1220 opulenta
823 1183 952 1208 cornu.

199 1222 276 1260 Hic
295 1225 330 1260 in
351 1223 499 1260 reducto
519 1226 613 1261 valle
628 1224 820 1262 caniculae

200 1277 342 1314 vitabis
360 1283 493 1322 aestus,
512 1284 550 1328 et
566 1278 638 1314 side
658 1277 749 1314 Teia

253 1330 364 1367 Dices
382 1331 587 1368 laborantes
606 1332 641 1367 in
662 1343 736 1367 uno

304 1384 510 1433 Penelopen
532 1386 754 1433 vitreamque
777 1384 925 1422 Circen.
1224 1385 1274 1421 ΩΟ

203 1437 276 1474 Hic
296 1439 499 1475 innocentis
517 1439 650 1488 pocula
673 1438 792 1476 Lesbii

201 1490 327 1529 Duces
346 1493 412 1529 sub
433 1492 562 1529 umbra
580 1506 588 1541 3
620 1504 688 1529 nec
710 1491 912 1529 Semeleius

255 1545 353 1583 Cum
375 1546 493 1583 Marte
514 1545 713 1584 confundet
730 1544 929 1594 Thyoneus

309 1599 446 1637 Proelia
463 1612 472 1646 ;
502 1612 571 1637 nec
592 1605 732 1637 metues
750 1604 957 1648 protervum

206 1650 383 1701 Suspecta
402 1653 560 1701 Cyrum,
581 1665 626 1689 ne
647 1654 742 1689 male
761 1652 892 1702 dispari
1228 1653 1278 1688 25

204 1705 477 1743 Incontinentes
496 1705 636 1754 injiciat
655 1718 799 1751 manus,

256 1759 307 1797 Et
324 1759 467 1796 scindat
486 1759 696 1797 haerentem
716 1771 891 1796 coronam

315 1813 495 1857 Crinibus,
515 1813 807 1862 immeritamque
827 1818 983 1850 vestem.

406 1906 494 1944 ODE
525 1904 794 1943 XVIII.-A0z
817 1905 968 1943 Varum.

99 1985 132 2023 N
140 1996 294 2031 uLLAM,
313 1984 425 2031 Vare,
444 1997 547 2022 sacra
569 1984 641 2022 vite
660 1984 758 2034 prius
778 1985 912 2020 severis
932 1983 1098 2020 arborem

99 2039 209 2076 Circa
229 2039 314 2076 mite
334 2039 449 2075 solum
470 2038 626 2084 Tiburis,
644 2044 681 2075 et
702 2038 844 2075 moenia
863 2037 983 2074 Catili.

100 2091 217 2129 Siccis
236 2092 360 2129 omnia
380 2104 466 2129 nam
485 2092 573 2130 dura
592 2091 694 2129 Deus
713 2092 920 2141 proposuitt
952 2102 1070 2140 neque

100 2144 296 2183 Mordaces
316 2145 416 2182 aliter
430 2145 617 2194 diffugiunt
634 2145 907 2182 sollicitudines.

102 2200 197 2244 Quis
215 2205 297 2249 post
315 2199 400 2236 vina
419 2211 563 2246 gravem
588 2199 750 2236 militiam
771 2205 834 2236 aut
852 2198 1064 2248 pauperiem
1085 2205 1209 2245 crepat
1226 2197 1245 2234 ⁴?
1262 2198 1301 2241 ἵ)-

100 2254 197 2299 Quis
217 2265 288 2290 non
308 2258 342 2289 te
361 2254 493 2302 potius,
517 2251 665 2289 Bacche
684 2259 797 2302 pater,
817 2258 940 2300 teque,
959 2249 1095 2287 decens
1115 2249 1240 2288 Venus
1259 2252 1278 2288 ἐ’

103 2306 166 2352 At,
186 2319 233 2344 ne
252 2306 332 2357 quis
350 2306 484 2344 modici
499 2306 672 2344 transiliat
690 2317 841 2343 munera
864 2304 994 2350 Liberi,

102 2359 307 2398 Centaurea
327 2367 450 2398 monet
469 2372 556 2399 curn
576 2358 740 2408 Lapithis
759 2360 850 2404 rixa,
869 2369 978 2407 super
992 2369 1093 2395 mero

99 2412 290 2452 Debellata
310 2426 320 2462 3
349 2420 472 2451 monet
493 2413 664 2452 Sithoniis
683 2424 755 2450 non
777 2411 867 2450 levis
886 2411 1017 2458 Euius,
