1475 2712
380 393 429 439 Q.
465 389 688 429 HORATII
729 387 924 427 FLACCI

306 501 1001 568 CARMINUM

546 617 681 648 LIBER
705 616 765 647 111.

582 783 671 821 Onn
701 783 730 820 Ι.

168 875 244 914 Om
264 876 461 925 profanum
481 875 628 924 vulgus,
650 880 688 912 et
707 886 829 911 arceo.

170 929 308 967 Favete
320 929 458 978 linguis
479 942 487 966 ε
518 928 682 966 carmina
700 940 778 964 non
797 926 900 976 prius

220 982 375 1026 Audita,
397 994 587 1019 musarum
606 981 791 1026 sacerdos,

273 1035 494 1084 Virginibus
514 1035 713 1084 puerisque
732 1037 857 1072 canto.

168 1089 319 1138 Regum
340 1088 595 1126 timendorum
613 1088 653 1124 in
672 1087 842 1136 proprios
861 1098 1007 1135 greges,

170 1143 295 1190 Reges
314 1142 353 1178 in
372 1141 472 1190 ipsos
489 1141 686 1191 imperium
706 1145 763 1178 est
781 1140 807 1177 J
810 1140 898 1185 ovis,

220 1195 321 1232 Clari
339 1194 520 1243 giganteo
539 1193 744 1243 triumpho,

275 1248 423 1286 Cuncta
438 1247 637 1296 supercilio
657 1247 857 1286 moventis.

172 1302 241 1340 Est
259 1308 303 1340 ut
323 1301 403 1338 viro
419 1301 475 1338 vir
493 1301 606 1339 latius
622 1301 774 1338 ordinet

170 1356 339 1393 Arbusta
358 1354 492 1398 sulcis3
522 1354 584 1391 hic
602 1354 820 1403 generosior

222 1408 440 1446 Descendat
454 1407 495 1444 in
513 1420 685 1457 campum
704 1408 847 1457 petitor
866 1421 875 1452 ;

280 1462 451 1499 Moribus
465 1461 526 1499 hic
546 1461 752 1510 meliorque
771 1460 868 1498 fama

170 1514 413 1559 Contendat3
440 1514 494 1552 illi
514 1515 630 1553 turba
644 1515 839 1552 clientium

171 1568 229 1607 Sit
248 1567 367 1617 major
383 1581 390 1605 :
422 1580 540 1616 aequa
557 1568 642 1617 lege
663 1568 876 1606 Necessitas

225 1622 389 1660 Sortitur
407 1621 574 1670 insignes
592 1626 632 1660 et
645 1621 760 1665 imos3

276 1675 400 1712 Omne
419 1687 537 1724 capax
555 1679 682 1713 movet
701 1688 797 1712 urna
816 1687 964 1712 nomen.

175 1729 390 1767 Destrictus
405 1729 503 1765 ensis
522 1728 583 1766 cui
601 1741 713 1777 super
732 1728 847 1778 impia

174 1782 330 1820 Cervice
348 1781 501 1831 pendet,
523 1794 601 1818 non
621 1782 769 1819 Siculae
788 1782 904 1831 dapes

226 1835 388 1873 Dulcem
408 1835 657 1872 elaborabunt
675 1847 858 1884 saporem,

278 1888 369 1926 Non
387 1888 511 1925 avium
532 1888 771 1938 citharaeque
789 1893 923 1926 cantus

177 1943 356 1980 Somnum
374 1942 567 1979 reducent.
625 1941 785 1980 Somnus
804 1942 1006 1991 agrestium

172 1995 287 2033 Lenis
306 1995 472 2033 virorum
490 2008 569 2033 non
587 1995 746 2033 humiles
765 1995 896 2033 domos

230 2048 404 2094 Fastidit,
423 2049 710 2097 umbrosamque
724 2049 844 2098 ripam
857 2062 866 2094 ;

281 2102 372 2140 Non
391 2102 572 2152 Zephyris
591 2102 734 2152 agitata
754 2102 906 2152 Tempe.

179 2155 481 2201 Desiderantem,
496 2155 597 2203 quod
616 2155 705 2194 satis
723 2161 792 2200 est,
808 2169 932 2206 neque

179 2209 472 2248 Tumultuosum
491 2208 667 2247 sollicitat
684 2221 795 2255 mare,

229 2263 313 2300 Nec
332 2275 464 2300 saevus
482 2262 638 2300 Arcturi
655 2262 825 2301 cadentis

283 2315 462 2365 Impetus,
482 2320 548 2354 aut
560 2315 715 2354 orientis
729 2315 857 2354 Haedi
873 2329 881 2353 ε

178 2369 269 2408 Non
288 2370 508 2408 verberatae
526 2369 710 2418 grandine
727 2369 868 2415 vineae,

178 2422 410 2472 Fundusque
429 2423 604 2470 mendax,
625 2423 759 2461 arbore
779 2435 880 2462 nunc
899 2435 1015 2473 aquas

1201 1356 1251 1394 10

1202 1623 1246 1661 15

1205 2158 1255 2194 25

1205 2424 1258 2464 30
