1475 2712
392 381 442 426 Q.
476 377 512 416 H
517 374 701 416 ORATII
739 373 936 414 FLACCI

287 458 1045 548 CARMINUM

572 607 706 639 LIBER
730 607 756 637 1.

393 801 481 840 Ome
510 800 664 840 1.-Ad
678 801 937 840 Maecenatem.

151 882 429 927 ·-MAnanAs,
448 882 563 919 atavis
581 880 674 919 edite
694 880 845 929 regibus,

178 936 212 974 O
231 942 266 973 et
284 935 504 985 praesidium
524 940 560 972 et
578 935 685 972 dulce
704 934 818 972 decus
838 945 960 970 meum
983 933 992 971 Ι
1013 970 1043 992 s

178 989 283 1035 Sunt,
302 1001 394 1038 quos
413 988 593 1026 curriculo
610 985 799 1038 pulverem
813 986 1051 1038 Olympicum

176 1043 372 1091 Collegisse
388 1041 508 1090 juvat,
528 1048 698 1092 metaque
717 1040 864 1078 fervidis

177 1095 324 1134 Evitata
343 1097 439 1141 rotis,
463 1095 658 1146 palmaque
678 1091 836 1140 nobiliss

172 1151 367 1188 Terrarum
386 1148 566 1196 dominos,
586 1148 709 1187 evehit
727 1148 775 1185 ad
794 1148 881 1185 deos
898 1162 906 1186 :

177 1203 304 1249 Hunc,
325 1202 354 1240 si
373 1202 560 1240 mobilium
581 1203 685 1240 turba
705 1202 904 1247 Quiritium

178 1256 525 1304 Cenat—tergeminis
544 1256 666 1294 tollere
686 1253 882 1293 honoribus
900 1269 908 1293 ε

179 1310 301 1357 Illum,
320 1310 347 1346 si
368 1310 511 1359 proprio
531 1309 690 1347 condidit
709 1308 837 1346 horreo

178 1362 369 1414 Quidquid
387 1363 432 1401 de
452 1362 599 1411 Libycis
618 1364 767 1401 verritur
785 1363 891 1400 areis.
939 1383 942 1393 ·

176 1416 407 1455 Gaudentem
427 1417 561 1466 patrios
579 1416 716 1454 findere
734 1405 924 1493 sarculo&

176 1472 293 1520 Agros
313 1469 480 1508 Attalicis
499 1470 765 1507 conditionibus

176 1525 377 1573 Nunquam
399 1522 597 1572 dimoveas,
616 1530 656 1560 ut
672 1524 772 1561 trabe
792 1522 928 1573 Cypria

178 1577 366 1628 Myrtoum
384 1577 539 1627 pavidus
558 1583 669 1614 nauta
686 1582 786 1615 secet
806 1589 917 1616 mare.

173 1632 390 1669 Luctantem
412 1630 538 1668 Icariis
555 1631 726 1668 fluctibus
747 1629 918 1668 Africum

177 1685 361 1722 Mercator
381 1690 559 1731 metuens,
579 1685 693 1722 otium
713 1691 746 1722 et
767 1683 890 1735 oppidi

178 1738 320 1776 Laudat
336 1750 418 1775 rura
437 1738 490 1775 sui
514 1752 521 1776 :
552 1750 642 1775 mox
661 1738 775 1775 reficit
793 1745 887 1775 rates

174 1793 353 1839 Quassas,
374 1791 538 1828 indocilis
557 1789 771 1841 pauperiem
791 1792 880 1841 pati.

171 1846 252 1892 Est,
272 1846 333 1895 qui
352 1856 424 1881 nec
441 1845 572 1882 veteris
589 1845 722 1894 pocula
741 1844 907 1890 Massici,

176 1899 255 1937 Nec
275 1905 411 1948 partem
431 1897 544 1935 solido
563 1897 709 1935 demere
729 1898 773 1935 de
794 1897 865 1945 die,

174 1953 316 2002 Spernit
333 1965 342 2000 3
370 1963 470 1988 nunc
488 1951 588 1988 viridi
612 1952 776 1989 membra
795 1953 863 1990 sub
883 1952 1009 1989 arbuto

176 2007 326 2052 Stratus,
346 2017 446 2042 nunc
464 2004 510 2042 ad
529 2017 648 2054 aquae
666 2005 749 2042 lene
768 2013 879 2055 eaput
898 2018 1037 2043 sacrae.

175 2060 313 2097 Multos
333 2065 449 2095 castra
464 2057 607 2107 juvant,
627 2064 663 2095 et
681 2059 769 2096 lituo
788 2060 898 2096 tubae.

173 2113 380 2151 Permixtus
398 2113 548 2158 sonitus,
566 2112 744 2161 bellaque,
762 2114 937 2151 matribus

173 2166 375 2204 Detestata.
432 2164 562 2202 Manet
579 2166 646 2202 sub
664 2166 758 2204 Jove
777 2166 900 2216 frigido

174 2221 346 2266 Venator,
365 2224 510 2255 tenerae
530 2217 694 2268 conjugis
712 2220 904 2258 immemor
919 2234 928 2269 3

177 2275 249 2312 Seu
269 2273 346 2310 visa
364 2278 418 2309 est
436 2273 564 2309 catulis
583 2284 693 2310 cerva
712 2273 891 2320 fidelibus,

174 2329 249 2366 Seu
268 2326 364 2376 rupit
379 2331 508 2362 teretes
522 2325 671 2363 Marsus
689 2339 777 2377 aper
794 2328 929 2377 plagas.

175 2382 242 2420 Me
261 2379 450 2417 doctarum
469 2378 624 2417 hederae
642 2381 804 2430 praemia
825 2380 993 2419 frontium

174 2435 243 2475 Dis
263 2434 419 2471 miscent
432 2434 570 2483 superis
587 2446 596 2481 3
627 2445 684 2471 me
704 2434 860 2484 gelidum
879 2447 1019 2481 nemus,

1211 1364 1253 1399 10

1209 1633 1252 1669 15

1199 2166 1248 2203 25

1197 2435 1245 2472 30
