1475 2712
575 194 784 224 CARMINUM
811 194 840 220 Ι.

125 290 220 329 Inter
239 294 410 342 aequales
429 293 575 342 equitat,
596 290 738 327 Gallica
759 302 828 327 nec
847 290 978 339 lupatis

337 346 532 395 Temperat
550 356 611 381 ora
630 345 739 381 irenis
753 344 773 382 i>

122 397 198 435 Cur
219 400 320 437 timet
338 399 477 436 flavum
496 397 656 435 Tiberim
677 404 818 446 tangere
833 397 853 435 ⁴?
882 409 947 433 cur
965 397 1102 433 olivum

333 452 514 501 Sanguine
533 451 696 500 viperino

125 504 278 544 Cautius
294 507 392 552 vitat,
413 517 530 555 neque
545 503 626 553 jam
645 502 752 541 livida
773 508 885 552 gestat
905 503 1017 540 armis

331 559 500 605 Brachia,
519 556 628 607 saepe
644 557 758 602 disco,

125 611 243 662 Saepe
261 619 357 650 trans
371 613 481 650 finem
497 610 624 660 jaculo
644 610 772 647 nobilis
790 608 963 659 expedito
982 610 1001 648 ἶ)

334 665 435 711 Quid
453 666 550 711 latet,
571 670 610 702 ut
630 664 792 701 marinae

130 717 260 757 Filium
280 720 404 757 dicunt
421 718 584 764 Thetidis
602 718 669 755 sub
683 717 876 755 lacrimosa
894 716 1028 765 Trojae

336 773 497 819 Funera,
515 784 562 808 ne
581 771 691 808 virilis

126 824 258 863 Cultus
277 827 311 863 in
332 826 484 864 caedem
504 832 538 863 et
557 824 692 875 Lycias
712 825 908 875 proriperet
922 823 1116 861 catervas?

416 917 504 954 ODE
530 915 720 955 IX.—-Ad
741 916 1014 955 Thaliarchum.

233 995 374 1042 Vmsss,
396 1003 434 1033 ut
452 996 523 1033 alta
543 1002 610 1032 stet
623 996 705 1031 nive
724 994 920 1032 candidum

229 1049 392 1095 Soracte,
410 1061 480 1086 nec
505 1048 586 1097 jam
606 1049 806 1085 sustineant
826 1060 918 1086 onus·

283 1102 403 1139 Silvae
422 1103 636 1148 laborantes,
656 1101 812 1151 geluque

311 1156 483 1193 Flumina
503 1156 726 1192 constiterint
744 1160 868 1192 acuto.

229 1209 395 1246 Dissolve
415 1209 533 1257 frigus,
552 1209 647 1257 ligna
667 1220 776 1258 super
795 1208 881 1246 foco

232 1262 344 1311 Large
364 1274 543 1312 reponens
562 1274 573 1309 3
603 1268 710 1311 atque
730 1262 918 1311 benignius

281 1316 465 1366 Deproine
484 1316 712 1365 quadrimum
734 1314 881 1362 Sabina,

313 1370 345 1408 O
363 1369 584 1407 Thaliarche
604 1371 612 1408 Ε
643 1382 782 1407 merum
802 1369 910 1406 diota.

235 1423 404 1461 Permitte
425 1422 517 1460 divis
536 1429 656 1460 cetera
675 1437 684 1471 3
714 1424 774 1471 qui
793 1423 901 1461 simul

235 1477 399 1514 Sti-avere
418 1484 546 1514 ventos
561 1489 717 1526 aequore
736 1475 872 1513 fervido

286 1529 573 1580 Deproeliantes,
589 1542 658 1567 nec
680 1531 841 1579 cupressi

360 1583 442 1621 Neo
461 1590 599 1621 veteres
619 1585 796 1633 agitantur
814 1584 907 1621 orni.

228 1636 328 1682 Quid
345 1637 389 1674 sit
407 1636 564 1674 futurum
584 1650 677 1683 cras,
694 1637 778 1686 fuge
797 1648 983 1686 quaerere,
1005 1644 1054 1682 et,

232 1690 356 1735 Quem
376 1690 466 1727 Fors
481 1690 619 1728 dierum
639 1703 799 1740 cumque
818 1691 928 1737 dabit,
947 1690 1048 1727 lucro

283 1745 445 1793 Appone
462 1757 470 1790 3
500 1756 569 1781 nec
588 1743 714 1781 dulces
732 1756 876 1781 amores

309 1796 446 1846 Sperne
465 1809 568 1846 puer,
587 1809 706 1846 neque
734 1805 772 1835 tu
800 1796 967 1841 choreas,

230 1850 360 1887 Donec
378 1850 505 1887 virenti
526 1851 677 1888 canities
697 1851 799 1888 abest

231 1904 394 1942 Morosa.
448 1903 484 1941 N
488 1916 561 1941 unc
580 1911 616 1941 et
636 1917 804 1954 campus,
824 1910 860 1940 et
879 1916 1001 1952 areae,

280 1956 470 2006 Lenesque
486 1958 553 1994 sub
568 1964 715 1995 noctem
734 1959 867 1995 susurri

309 2010 524 2060 Composita
542 2018 750 2061 repetantur
768 2011 857 2048 hora
874 2023 882 2048 :

230 2063 343 2101 Nunc
361 2071 396 2100 et
414 2065 556 2101 latentis
577 2065 732 2115 proditor
752 2066 881 2101 intimo

235 2117 368 2154 Gratus
385 2119 530 2167 puellae
546 2119 634 2156 risus
654 2120 700 2156 ab
721 2119 865 2168 angulo,

284 2170 370 2218 Pign
378 2183 490 2219 usque
509 2171 696 2220 dereptum
713 2172 869 2218 lacertis,

311 2223 391 2261 Aut
409 2224 515 2273 digito
535 2226 629 2262 male
648 2226 838 2274 pertinaci.

448 2315 536 2354 Onu
557 2315 726 2355 X.-Ad
742 2317 984 2355 Mercurium.

234 2399 443 2447 MERcmu,
462 2399 619 2437 facunde
639 2411 753 2449 nepos
773 2397 944 2444 Atlantis,

235 2454 311 2500 Qui
331 2452 424 2491 seros
444 2453 562 2491 cultus
580 2452 774 2490 hominurn
793 2458 980 2490 recentum

1252 500 1298 536 10

1261 767 1305 803 15

1264 1474 1307 1510 10

1263 1743 1307 1778 15
