1475 2712
133 217 231 269 1V.]
546 214 891 254 GEORGICON.
1270 215 1319 254 57

188 324 246 361 At
265 330 385 361 mater
406 323 573 361 sonitum
592 323 759 359 thalamo
778 323 850 359 sub
870 321 1039 358 fluminis
1059 321 1126 358 alti

137 377 275 415 Sensit.
334 377 429 414 Eam
452 377 594 413 circum
616 376 770 412 Milesia
789 376 933 412 vellera
953 375 1146 424 Nymphae

135 431 366 479 Carpebant,
388 429 492 478 hyali
513 436 642 466 saturo
662 429 790 465 fucata
809 429 945 472 colore,
1244 429 1321 464 335

133 484 370 533 Drymoque,
392 483 640 530 Xanthoque,
668 481 874 530 Ligeaque,
898 481 1214 531 Phyllodoceque,

137 536 342 574 Caesariem
364 536 493 573 effusae
512 536 673 572 nitidam
693 548 761 584 per
782 535 944 572 candida
963 535 1082 577 colla3

133 589 279 634 Nesaee,
306 590 483 638 Spioque,
507 588 734 637 Thaliaque,
757 588 1062 637 Cymodoceque,

136 641 400 692 Cydippeque,
423 648 460 678 et
479 642 581 678 flava
600 642 784 690 Lycorias
805 656 813 685 3
844 642 965 678 altera
984 642 1106 689 virgo,

133 696 273 733 Altera
292 702 371 732 tum
393 695 536 743 primos
557 695 714 731 Lucinae
735 700 896 743 experta
914 695 1080 737 labores;
1246 694 1325 730 340

135 748 297 796 Clioque
317 756 354 786 et
374 748 512 792 Beroe,
535 761 651 792 soror,
676 748 922 785 Oceanitides
942 749 1075 792 ambae,

135 802 272 839 Ambae
294 815 398 846 auro,
420 802 533 850 pictis
553 802 729 838 incinctae
752 801 914 848 pellibus
935 802 1078 843 ambae3

134 856 267 903 Atque
287 855 457 904 Ephyre,
478 861 592 902 atque
614 854 721 903 Opis,
743 861 781 891 et
809 852 905 891 Asia
927 854 1109 902 Deiopea,

134 908 187 944 Et
205 909 357 945 tandem
381 908 513 956 positis
534 908 648 945 velox
669 908 866 944 Arethusa
885 907 1047 956 sagittis.

134 961 244 998 Inter
262 974 357 1009 quas
377 974 508 998 curam
530 960 717 1010 Clymene
738 962 918 997 narrabat
938 961 1091 997 inanem
1247 961 1324 996 345

133 1014 313 1056 Vulcani,
336 1013 555 1061 Martisque
574 1014 679 1050 dolos
699 1021 736 1050 et
757 1014 883 1050 dulcia
903 1014 1027 1057 furta3

132 1067 249 1115 Aque
271 1067 376 1105 Chao
396 1068 533 1104 densos
552 1068 685 1103 divum
705 1068 932 1103 numerabat
951 1080 1110 1104 amores.

135 1120 315 1158 Carmine
334 1133 409 1168 quo
429 1126 548 1168 captae
568 1121 658 1156 dum
678 1120 774 1156 fusis
794 1120 922 1156 mollia
942 1133 1059 1168 pensa

134 1172 368 1217 Devolvunt,
389 1174 529 1209 iterum
551 1180 743 1210 maternas
763 1174 916 1220 impulit
936 1186 1048 1210 aures

133 1226 280 1264 Luctus
300 1226 472 1271 Aristaei,
495 1226 706 1274 vitreisque
726 1226 907 1262 sedilibus
927 1239 1058 1262 omnes
1248 1226 1327 1261 350

137 1279 399 1328 Obstupuere3
419 1280 485 1316 sed
505 1287 592 1316 ante
613 1279 706 1315 alias
728 1278 925 1316 Arethusa
945 1292 1093 1316 sorores

134 1333 380 1382 Prospiciens
400 1345 547 1370 summa
566 1332 709 1369 flavum
730 1340 844 1380 caput
865 1333 1005 1369 extulit
1025 1331 1139 1376 unda,

135 1386 188 1423 Et
208 1387 356 1435 procul:
388 1386 422 1423 O
441 1386 588 1434 gemitu
609 1398 684 1422 non
706 1387 848 1422 frustra
868 1386 1056 1423 exterrita
1075 1391 1196 1430 tanto,

137 1439 290 1488 Cyrene
310 1451 426 1484 soror,
453 1440 535 1487 ipse
553 1439 636 1481 tibi,
658 1445 724 1475 tua
744 1439 912 1475 maxima
931 1452 1034 1483 cura,

137 1493 278 1529 Tristis
299 1492 489 1529 Aristaeus
510 1491 625 1529 Penei
647 1493 834 1540 genitoris
856 1493 902 1528 ad
925 1493 1065 1528 undam
1248 1492 1326 1527 355

139 1545 228 1583 Stat
246 1546 461 1590 lacrimans,
484 1552 522 1582 et
544 1552 580 1583 te
601 1546 793 1582 crudelem
816 1546 969 1582 nomine
988 1546 1094 1582 dicit.

138 1598 243 1636 Huic
262 1612 442 1647 percussa
462 1611 563 1636 nova
583 1605 749 1635 mentem
770 1598 975 1636 formidine
995 1605 1129 1643 mater,

136 1650 235 1697 Duc,
257 1665 339 1701 age,
361 1653 434 1688 duc
454 1652 501 1688 ad
522 1664 607 1695 nos;
626 1651 684 1688 fas
704 1652 760 1687 illi
781 1652 915 1688 limina
934 1653 1069 1688 divum

139 1705 328 1754 Tangere,
350 1705 419 1742 ait:
440 1705 553 1742 simul
575 1705 652 1741 alta
665 1704 778 1752 jubet
798 1705 993 1742 discedere
1012 1706 1088 1742 late

137 1758 330 1803 Flumina,
351 1771 427 1807 qua
441 1758 600 1805 juvenis
619 1771 774 1807 gressus
792 1758 967 1795 inferret.
1024 1756 1081 1794 At
1100 1757 1209 1794 illum
1250 1757 1330 1793 360

140 1812 312 1849 Curvata
331 1812 371 1848 in
390 1811 528 1848 montis
547 1811 685 1848 faciem
706 1811 958 1848 circumstetit
980 1812 1093 1856 unda,

138 1863 380 1913 Accepitque
400 1865 486 1900 sinu
507 1871 627 1909 vasto,
650 1865 830 1911 misitque
850 1865 920 1901 sub
941 1877 1105 1901 amnem.

138 1918 308 1967 Jamque
328 1919 481 1955 domum
502 1918 648 1954 mirans
667 1918 874 1966 genetricis
894 1925 932 1954 et
951 1918 1109 1954 humida
1127 1929 1247 1966 regna

141 1970 418 2020 Speluncisque
439 1972 544 2007 lacus
564 1971 711 2008 clausos
731 1971 911 2019 lucosque
932 1978 1123 2016 sonanteS,

138 2024 228 2061 Ibat
248 2031 296 2069 et,
318 2025 467 2072 ingenti
488 2030 592 2060 motu
614 2024 851 2072 stupefactus
871 2037 1070 2072 aquarum,
1250 2023 1327 2060 365

141 2077 282 2115 Omnia
303 2079 372 2114 sub
392 2090 530 2125 magna
549 2077 718 2114 labentia
736 2077 897 2114 flumina
915 2085 1019 2114 terra

142 2131 348 2180 Spectabat
367 2130 520 2166 diversa
539 2130 643 2175 locis,
665 2130 908 2178 Phasimque,
930 2129 1165 2180 Lycumque,

139 2184 192 2221 Et
211 2190 339 2232 caput,
359 2183 460 2219 unde
480 2183 579 2220 altus
600 2184 765 2231 primum
786 2196 825 2220 se
845 2184 1012 2232 erumpit
1032 2183 1218 2231 Enipeus,

141 2238 258 2275 Unde
279 2243 386 2285 pater
406 2236 628 2281 Tiberinus,
649 2242 686 2273 et
707 2237 807 2273 unde
827 2236 982 2273 Aniena
1000 2237 1157 2280 fluenta,

143 2290 408 2338 Saxosumque
428 2301 566 2326 sonans
586 2289 774 2338 Hypanis,
798 2290 1010 2338 Mysusque
1031 2290 1181 2334 CaIcus,
1249 2287 1329 2328 370

141 2343 193 2379 Et
212 2344 365 2392 gemina
385 2348 541 2379 auratus
560 2344 713 2379 taurino
733 2355 876 2379 cornua
895 2344 1007 2379 vultu

140 2396 345 2441 Eridanus,
366 2408 441 2444 quo
461 2408 537 2432 non
557 2396 654 2433 alius
675 2408 742 2444 per
761 2396 920 2444 pinguia
939 2396 1043 2433 culta

142 2449 189 2487 In
209 2462 313 2486 mare
333 2462 569 2498 purpureum
591 2449 794 2487 violentior
814 2448 930 2486 effluit
950 2450 1085 2488 amnis.
