1414 2666
112 170 134 204 δ’
406 169 449 206 Ρ.
481 168 730 206 VIRGILH
759 168 1021 208 MARONIS
1191 169 1304 222 {Lm

110 274 326 311 Luxuriem
347 282 521 323 segetum
540 282 674 313 tenera
693 276 866 325 depascit
885 276 925 313 in
945 276 1075 322 herba,

112 325 241 373 Quum
262 329 430 376 primum
451 329 577 366 sulcos
597 336 750 377 aequaut
771 336 852 367 sata
872 329 888 367 ἲ
909 330 1051 378 quique
1070 329 1224 379 paludis

111 381 323 419 Collectum
346 383 546 419 humorem
567 384 698 420 bibula
714 384 869 420 deducit
885 396 1002 420 arena
1019 383 1035 420 ?
1201 411 1204 414 -

106 434 328 471 Praesertim
348 436 508 472 incertis
527 436 558 472 si
579 437 773 474 mensibus
793 437 916 474 amnis
935 437 1137 474 abundans
1204 447 1213 454 ’
1229 438 1309 474 115

108 487 217 532 Exit,
240 495 277 525 et
296 489 463 525 obducto
482 489 557 525 late
577 495 682 526 tenet
702 491 832 527 omnia
850 491 941 527 limo
959 503 973 526 ε

108 540 225 578 Unde
246 553 350 579 cavae
372 543 502 590 tepido
522 543 661 580 sudant
681 544 840 580 humore
858 543 1019 580 Iacunae.

161 595 246 631 Nec
266 602 406 639 tamen,
432 596 510 632 haec
530 608 617 633 cum
637 597 714 634 sint
736 597 1012 646 hominumque
1030 597 1227 645 boumque

217 649 367 685 labores

108 700 313 738 Versando
335 709 474 739 terram
498 703 661 751 experti,
683 703 783 740 nihil
803 704 1000 751 improbus
1019 715 1144 749 anser,

107 753 413 803 Strymoniaeque
432 768 561 804 grues,
583 763 620 793 et
641 758 783 794 amaris
803 758 940 793 intuba
960 757 1071 793 fibris
1230 758 1313 794 120

109 807 311 854 Officium,
331 815 398 846 aut
419 810 556 846 umbra
577 816 703 847 nocet.
760 808 875 847 Pater
893 810 977 858 ipse
995 809 1146 847 colendi

107 861 227 898 Haud
247 861 401 899 facilem
422 875 505 899 esse
525 863 628 899 viam
652 863 785 907 voluit,
807 864 1033 912 primusque
1052 876 1122 913 per
1140 869 1262 901 artem

106 915 237 952 Movit
257 928 382 964 agros,
404 916 507 952 curis
526 928 668 953 acuens
689 917 867 954 mortalia
886 917 1012 962 corda,

106 968 146 1005 N
151 981 193 1005 ec
213 975 368 1018 torpere
387 970 499 1018 gravi
521 982 656 1018 passus
676 982 745 1006 sua
764 983 885 1019 regna
904 976 1082 1007 veterno.

106 1020 214 1059 Ante
233 1022 376 1059 ‹Jovem
398 1023 496 1059 nulli
516 1023 750 1072 subigebant
769 1036 863 1061 arva
882 1024 1008 1060 coloni
1028 1038 1038 1067 3
1231 1024 1310 1060 125

105 1075 170 1112 Ne
191 1077 345 1125 signare
364 1076 521 1124 quidem
542 1083 610 1113 aut
629 1077 769 1125 partiri
787 1077 911 1113 limite
931 1089 1110 1126 campum

106 1127 184 1165 Fas
204 1137 286 1166 erat
307 1144 316 1171 ;
337 1130 377 1165 in
398 1130 566 1166 medium
588 1131 822 1178 quaerebant,
844 1131 1003 1179 ipsaque
1031 1130 1148 1168 tellus

108 1181 251 1220 Omnia
270 1183 444 1227 liberius,
466 1183 573 1220 nullo
593 1190 786 1231 poscente,
808 1183 973 1221 ferebato

106 1235 179 1272 Ille
199 1236 341 1273 malum
363 1237 472 1273 virus
492 1238 740 1285 serpentibus
759 1237 908 1274 addidit
927 1237 1034 1283 atris,

106 1289 355 1337 Praedarique
375 1289 627 1338 luposjussit,
650 1297 890 1339 pontumque
916 1291 1062 1328 moveri
1082 1306 1095 1334 3
1233 1291 1314 1327 130

106 1340 302 1391 Mellaque
324 1344 492 1380 decussit
512 1343 615 1380 foliis
628 1372 639 1389 ,
660 1344 867 1392 ignemque
886 1345 1067 1391 removit,

106 1396 159 1432 Et
179 1397 321 1444 passim
341 1397 437 1433 rivis
459 1397 655 1434 currentia
676 1397 764 1434 vina
783 1397 968 1446 repressit
986 1411 996 1434 ι

108 1449 167 1487 Ut
189 1450 316 1487 varias
338 1463 429 1487 usus
451 1451 674 1487 meditando
691 1452 924 1487 extunderet
946 1457 1048 1488 artes

107 1502 328 1548 Paullatim,
352 1510 388 1540 et
409 1504 525 1540 sulcis
545 1503 729 1541 frumenti
749 1511 938 1553 quaereret
959 1505 1115 1541 herbam
1137 1519 1153 1548 3

107 1555 166 1594 Ut
186 1557 305 1594 silicis
327 1558 435 1594 venis
454 1558 673 1595 abstrusum
694 1559 902 1594 excuderet
922 1558 1069 1607 ignem.
1234 1558 1312 1595 135

109 1610 222 1647 Tunc
242 1610 349 1648 alnos
370 1611 537 1659 primum
558 1611 670 1648 fluvii
691 1624 845 1648 sensere
871 1618 1038 1657 cavatas,

107 1663 256 1701 Navita
275 1671 357 1700 tum
378 1665 501 1701 stellis
522 1677 703 1701 numeros
723 1671 761 1701 et
781 1665 938 1701 nomina
956 1664 1062 1709 fecit,

107 1716 299 1762 Pleiadas,
323 1717 493 1766 Hyadas⁹
515 1717 735 1766 claramque
756 1718 948 1768 Lycaonis
975 1716 1138 1755 Arcton.

108 1769 211 1806 Tum
230 1771 380 1819 laqueis
400 1777 557 1819 captare
575 1771 678 1808 feras
698 1778 737 1808 et
756 1772 890 1809 fallere
913 1772 1018 1808 visco

107 1823 332 1868 Inventum,
355 1830 392 1860 et
411 1837 571 1873 magnos
592 1825 754 1862 canibus
773 1825 1012 1862 circumdare
1033 1824 1153 1861 saltus
1171 1836 1182 1871 3
1231 1825 1314 1861 140

108 1876 242 1926 Atque
262 1877 360 1913 alius
381 1878 501 1914 latum
522 1877 739 1925 fundajam
760 1879 938 1914 verberat
959 1890 1112 1915 amnem

109 1930 206 1968 Alta
227 1937 372 1979 petens,
394 1931 607 1979 pelagoque
627 1932 725 1968 alius
745 1931 866 1968 trahit
885 1931 1046 1968 humida
1065 1931 1160 1968 lina.

163 1984 264 2020 Tum
285 1985 377 2021 sei-ri
398 1985 515 2033 rigor,
537 1991 652 2032 atque
671 1990 816 2032 argutae
837 1984 980 2021 lamina
999 1983 1147 2022 serrae?

108 2038 212 2075 Nam
234 2038 348 2086 primi
369 2038 500 2075 cuneis
521 2038 746 2074 scindebant
767 2037 883 2075 fissile
902 2038 1052 2087 lignum
1073 2053 1086 2081 3

109 2091 211 2128 Tum
233 2091 352 2127 variae
374 2104 515 2128 venere
534 2098 636 2128 artes
660 2106 670 2134 ;
689 2091 798 2128 labor
817 2092 944 2128 omnia
965 2091 1060 2128 vicit
1235 2093 1312 2128 145

107 2145 315 2193 Improhus
335 2151 373 2181 et
394 2145 502 2181 duris
522 2157 691 2193 urguens
711 2146 751 2181 in
773 2146 889 2181 rebus
909 2150 1060 2193 egestas

108 2198 242 2234 Prima
264 2198 382 2235 Ceres
402 2198 505 2235 ferro
526 2199 705 2235 mortales
727 2205 879 2235 vertere
895 2205 1038 2235 terram

108 2251 301 2296 Instituit,
321 2264 408 2288 cum
421 2251 504 2299 jam
524 2252 684 2300 glandes
704 2258 818 2301 atque
839 2253 975 2288 arbuta
995 2263 1113 2289 sacrae

110 2303 328 2341 Deficerent
349 2306 469 2350 silvae,
492 2312 529 2342 et
551 2306 696 2342 victum
719 2304 876 2342 Dodona
894 2312 1067 2350 negaret.

110 2356 208 2394 Mox
229 2366 267 2395 et
286 2358 491 2396 frumentis
512 2359 619 2396 labor
638 2360 805 2404 additus,
827 2365 870 2395 ut
889 2358 990 2395 mala
1009 2359 1160 2396 culmos
1232 2358 1314 2394 150

112 2412 225 2449 Esset
245 2412 393 2460 robng
413 2413 617 2461 segnisque
637 2413 811 2450 horreret
830 2412 872 2448 in
891 2412 998 2448 arvis
