1414 2666
163 132 214 169 72
547 159 552 164 .
614 137 826 168 cfflmxmr
844 137 897 166 1v.

270 239 421 276 Tiburis
441 238 540 287 ripas
561 248 716 287 operosa
730 247 868 286 parvus

479 291 654 329 Carmina
671 291 788 340 fingo.

272 346 458 385 Concines
477 345 614 394 majore
632 348 746 394 poeta
763 344 907 393 plectro

265 402 473 445 Caesarem,
495 399 720 448 quandoque
736 397 862 436 trahet
879 396 1022 434 feroces

261 455 334 493 Per
349 466 495 491 sacrum
514 453 663 497 clivum,
683 451 817 489 merita
836 450 995 488 decorus

476 507 638 553 Fronde,
660 505 890 555 Sygambros
907 517 915 541 :

267 563 354 608 Quo
373 561 468 598 nihil
485 560 616 610 majus,
635 560 824 604 meliusve,
845 555 957 596 terris

264 616 359 655 Fata
376 615 574 660 donavere,
595 614 760 663 bonique
779 612 856 650 divi
872 625 880 656 ;

263 670 345 708 Nec
365 669 521 714 dabunt,
543 668 715 718 quamvis
733 666 892 704 redeant
910 665 950 702 in
970 676 1103 703 aurum

475 723 663 771 Tempora
680 721 860 770 priscum.

265 776 450 815 Concines
463 776 658 825 laetosque
673 775 763 819 dies,
785 778 824 811 et
841 773 945 810 urbis

262 831 460 869 Publicum
478 830 623 875 ludum,
644 840 756 877 super
769 826 970 876 impetrato

264 885 389 922 Fortis
408 883 575 933 Augusti
593 881 731 927 reditu,
752 880 951 930 forumque

480 938 629 976 Litibus
648 935 796 972 orbum.

261 994 359 1031 Tum
379 1004 493 1037 meae,
509 992 539 1029 si
559 989 650 1041 quid
668 989 802 1038 loquar
821 986 1063 1032 audiendum,

260 1047 374 1085 Vocis
394 1045 548 1084 accedet
565 1046 666 1082 bona
685 1055 771 1092 pars
787 1054 797 1088 3
827 1045 876 1088 et,
894 1040 929 1079 Ο
950 1040 1006 1079 sol

267 1101 447 1140 Pulcher!
478 1112 500 1137 o
519 1096 733 1136 laudande!
762 1107 905 1141 canam,
921 1097 1073 1144 recepto

477 1153 637 1191 Caesare
654 1151 756 1189 felix.

262 1209 396 1259 Tuque
415 1207 505 1244 dum
525 1205 707 1255 procedis,
727 1215 767 1241 10
786 1213 994 1241 TRIUMPHE
1011 1201 1019 1239 1

256 1262 346 1300 Non
366 1262 478 1299 semel
496 1261 674 1304 dicemus,
695 1269 736 1296 Io
757 1257 991 1295 TRIUMPHE!

263 1316 406 1354 Civitas
425 1315 558 1359 omnis,
578 1312 824 1362 dabimusque
844 1311 940 1349 divis

473 1368 576 1406 Tura
593 1366 780 1415 benignis.

262 1424 317 1462 Te
337 1424 464 1461 decem
485 1420 595 1466 tauri,
616 1419 852 1469 totidemque
871 1431 1004 1457 vaccae
1021 1431 1031 1463 3

260 1475 328 1513 Me
346 1481 453 1514 tener
472 1475 592 1513 solvet
610 1473 762 1520 vitulus,
783 1473 913 1511 relicta

259 1531 396 1575 Matre,
416 1529 479 1579 qui
499 1527 614 1578 largis
627 1527 840 1577 juvenescit
857 1526 983 1564 herbis

468 1583 514 1620 In
533 1595 615 1620 mea
634 1585 732 1627 vota,

257 1638 398 1676 Fronte
418 1641 590 1675 curvatos
604 1635 772 1673 imitatus
791 1634 898 1684 ignes

254 1692 426 1730 Tertium
445 1690 578 1728 Lunae
597 1689 792 1727 referentis
810 1694 948 1733 ortum,

259 1746 345 1792 Qua
364 1750 493 1783 notam
512 1743 634 1789 duxit,
655 1743 788 1780 niveus
806 1742 939 1787 videri,

472 1798 607 1836 Cetera
625 1797 761 1834 fulvus

448 1890 537 1928 ODE
559 1889 755 1926 HL—Ad
769 1888 1032 1939 Mespomemn.

362 1970 486 2016 QUEM
504 1975 559 2015 tu,
582 1969 831 2018 Melpomene,
853 1967 966 2004 semel

253 2025 481 2062 Nascentem
499 2023 647 2073 placido
666 2022 806 2059 lumine
825 2021 975 2067 videris,

360 2078 472 2115 Illum
492 2090 570 2115 non
583 2077 689 2113 labor
710 2075 890 2113 Isthmius

255 2132 423 2170 Clarabit
441 2131 618 2180 pugilem,
639 2142 716 2167 non
737 2141 855 2178 equus
873 2127 1034 2179 impiger

359 2185 483 2223 Curru
502 2185 615 2222 ducet
634 2184 800 2220 Achaico

252 2239 469 2283 Victorem3
499 2250 621 2286 neque
635 2250 694 2275 res
711 2236 846 2274 bellica
871 2234 984 2274 Deliis

356 2293 545 2331 Ornatum
564 2291 662 2329 foliis
681 2290 828 2336 ducem,

252 2346 367 2393 Quod
385 2358 519 2396 regum
537 2345 702 2384 tumidas
722 2343 939 2382 contuderit
958 2343 1091 2390 minas,

357 2400 552 2439 Ostendet
571 2398 759 2450 Capitolio
773 2411 783 2444 ;

1292 452 1345 491 35

1286 719 1338 757 40

1290 988 1341 1026 45

1287 1255 1339 1293 50

1289 1524 1339 1562 55

1284 1794 1387 1834 60·
