1475 2712
1178 151 1200 186 Οἱ

1204 150 1228 186 0(

491 159 685 187 AENEIDOS
712 159 772 185 111.

23 255 27 258 ’
51 255 195 293 Italiam
216 255 315 308 laeto
334 256 420 294 socii
444 255 604 293 clamore
623 256 803 292 salutant.

51 308 146 345 Tum
167 317 272 357 pater
290 309 471 347 Anchises
489 321 664 357 magnum
686 314 829 346 cratera
847 320 985 345 corona
1147 310 1223 347 525

49 361 189 406 Induit,
210 362 452 412 implevitque
470 374 572 398 mero
589 375 598 407 3
630 362 810 411 divosque
829 362 976 399 vocavit

48 415 160 452 Stans
179 415 276 452 celsa
294 416 332 452 in
345 415 480 465 puppi:

49 467 112 504 Di.
133 468 243 505 maris
261 474 298 506 et
316 474 438 506 terrae
457 473 798 518 tempestatumque
818 473 1005 517 potentes,

49 520 160 558 Ferte
178 522 274 558 viam
294 527 409 559 vento
427 522 584 566 facilem,
606 529 644 560 et
664 522 802 570 spirate
821 523 989 559 secundi.

100 574 349 612 Crebrescunt
368 580 518 624 optatae
538 588 660 620 aurae,
682 580 885 624 portusque
904 576 1061 624 patescit
1143 577 1220 614 530

45 627 129 664 Jam
148 628 308 676 propior,
329 628 582 677 templumque
601 633 755 678 apparet
773 628 812 664 in
832 641 916 665 arce
937 629 1129 668 Minervae
1146 645 1153 667 ε

48 680 140 717 Vela
160 681 291 729 legunt
311 681 411 726 socii,
433 687 470 719 et
489 695 616 731 proras
636 682 681 719 ad
703 682 830 719 littora
849 688 1040 730 torquent.

47 733 182 771 Portus
201 735 248 770 ab
269 734 394 772 Euroo
412 735 527 772 fluctu
549 742 724 773 curvatus
742 735 779 771 in
801 748 925 771 arcum
944 749 952 772 :

46 787 226 835 objectae
245 788 340 826 salsa
359 794 532 838 spumant
549 789 773 838 adspargine
792 795 940 826 cautes:

46 840 61 876 I
68 853 129 888 pse
147 841 240 878 latet
259 854 267 878 t
296 843 447 890 gemino
467 842 671 880 demittunt
690 842 843 879 brachia
861 855 967 878 muro
1140 844 1216 881 535

47 893 187 932 Turriti
210 897 362 943 scopuli,
384 896 596 944 refugitque
616 897 662 932 ab
681 896 808 934 littore
827 896 1021 945 templum.

49 946 221 991 Quatuor
240 948 310 992 hic,
333 952 489 998 primum
511 962 630 994 omen,
653 962 767 999 equos
786 950 824 986 in
844 949 1013 997 gramine
1032 950 1120 996 vidi,

46 999 254 1037 Tondentis
274 1015 443 1050 campum
462 1003 548 1045 late,
570 1003 731 1040 candore
750 1003 877 1039 nivali.

46 1052 95 1089 Et
115 1060 220 1101 pater
239 1055 421 1092 Anchises
442 1069 449 1092 :
482 1056 639 1100 Bellum,
657 1069 679 1092 o
699 1063 799 1093 terra
816 1056 962 1104 hospita
983 1057 991 1094 l
1022 1063 1170 1105 portas:

45 1106 151 1143 Bello
165 1115 356 1145 armantur
365 1109 465 1158 equi:
482 1109 618 1145 bellum
640 1110 730 1146 haec
742 1116 911 1146 armenta
925 1110 1129 1147 minantur.
1140 1111 1218 1147 540

44 1159 117 1196 Sed
138 1166 262 1197 tamen
282 1162 379 1198 idem
401 1162 487 1198 olim
508 1175 618 1199 curru
642 1164 841 1199 succedere
860 1164 954 1200 sueti

46 1212 330 1263 Quadrupedes,
350 1223 387 1253 et
405 1215 510 1252 frena
524 1215 619 1264 jugo
638 1216 837 1252 concordia
856 1216 950 1252 ferre
968 1230 975 1253 :

44 1265 134 1314 Spes
153 1274 190 1303 et
212 1268 319 1316 pacis,
341 1270 406 1306 ait.
464 1269 561 1305 Tum
583 1269 736 1306 numina
755 1275 881 1306 sancta
903 1282 1095 1318 precamur

45 1318 206 1356 Palladis
226 1322 442 1368 armisonae,
463 1334 557 1369 quae
576 1323 695 1371 prima
715 1323 858 1371 accepit
878 1324 1024 1361 ovantis
1045 1337 1053 1368 ;

46 1372 95 1409 Et
115 1373 236 1422 capita
255 1381 342 1413 ante
362 1388 443 1413 aras
465 1376 631 1425 Phrygio
652 1376 818 1412 velamur
837 1377 974 1413 amictu
991 1392 998 1421 ;
1139 1377 1216 1414 545

44 1425 329 1477 Praeceptisque
349 1429 500 1470 Heleni,
518 1429 675 1467 dederat
694 1442 792 1478 quae
812 1430 983 1475 maxima,
996 1426 1076 1469 'rite
1268 1430 1271 1431 ⁷

43 1479 64 1515 J
71 1481 185 1516 unoni
205 1482 368 1530 Argivae
380 1482 502 1531 jussos
515 1482 704 1520 adolemus
724 1483 896 1519 honores.

96 1533 212 1570 Haud
233 1548 335 1572 mora
352 1549 359 1573 :
391 1536 585 1579 continuo,
604 1536 779 1585 perfectis
798 1537 930 1573 ordine
946 1539 1053 1584 votis,

45 1585 196 1624 Cornua
214 1589 418 1626 velatarum
441 1589 669 1627 obvertimus
688 1595 950 1636 antennarum,

44 1638 375 1690 Graiugenumque
387 1643 516 1680 domos
528 1648 771 1692 suspectaque
782 1643 986 1692 linquimus
1002 1657 1103 1682 arva.
1139 1645 1216 1682 550

44 1692 147 1730 Hinc
166 1695 267 1732 sinus
288 1696 478 1741 Herculei,
500 1697 528 1733 si
549 1709 635 1732 vera
654 1702 710 1734 est
729 1695 836 1741 fama,
860 1697 1014 1735 Tarenti

45 1746 235 1784 Cernitur.
290 1750 443 1788 Attollit
462 1762 501 1786 se
520 1750 606 1786 diva
626 1749 781 1787 Lacinia
800 1755 938 1795 eontra,

45 1799 294 1850 Caulonisque
314 1815 426 1848 arces,
448 1808 486 1841 et
505 1803 741 1852 navifragum
764 1803 996 1853 Scylaceum.

45 1852 141 1890 Tum
161 1856 290 1903 procul
311 1868 330 1892 e
348 1857 465 1895 fluctu
489 1857 682 1894 Trinacria
700 1856 866 1894 cernitur
885 1857 1021 1901 Aetna,

44 1905 94 1944 Et
113 1909 292 1954 gemitum
313 1910 504 1958 ingentem
527 1910 663 1959 pelagi,
682 1911 904 1959 pulsataque
925 1923 1024 1957 saxa,
1135 1914 1212 1953 555

43 1961 228 1999 Audimus
247 1963 369 2011 longe,
389 1963 597 2012 fractasque
616 1964 664 2000 ad
683 1964 811 2001 littora
825 1976 934 2001 voces
950 1978 958 2008 ;

43 2013 319 2065 Exsultantque
337 2017 443 2060 vada,
460 2023 570 2065 atque
589 2023 692 2055 aestu
712 2017 915 2055 miscentur
933 2030 1080 2056 arenae.

44 2067 94 2104 Et
114 2074 220 2116 pater
239 2070 421 2107 Anchises
440 2081 448 2107 :
478 2071 663 2107 Nimirum
684 2071 774 2107 haee
792 2070 856 2107 illa
881 2070 1117 2121 Charybdis:

44 2120 127 2158 Hos
150 2122 314 2159 Helenus
334 2123 516 2172 scopulos,
536 2124 627 2161 haee
646 2137 735 2161 saxa
754 2124 954 2169 horrenda,
975 2128 1133 2166 canebat
1149 2142 1158 2172 ;

45 2173 200 2224 Eripite,
221 2188 244 2212 o
262 2177 350 2213 socii
365 2177 372 2214 Σ
403 2177 614 2226 pariterque
632 2176 818 2225 insurgite
832 2178 954 2218 remis.
1136 2181 1215 2222 560

43 2227 160 2266 Haud
179 2230 301 2267 minus
321 2242 363 2267 ac
376 2230 471 2279 jussi
490 2230 651 2274 faciunt;
681 2231 893 2279 primusque
911 2230 1109 2272 rudentem

46 2282 237 2321 Contorsit
255 2284 377 2320 laevas
396 2295 542 2332 proram
557 2282 756 2321 Palinurus
777 2283 825 2321 ad
843 2284 987 2324 undas:

45 2335 205 2375 Laevam
225 2342 360 2377 cuncta
375 2336 505 2376 cohors
523 2336 634 2375 remis
653 2337 848 2387 ventisque
866 2337 1010 2386 petivit.

46 2389 229 2431 Tollimur
247 2391 286 2432 in
307 2390 449 2431 coelum
471 2395 625 2431 curvato
645 2390 809 2444 gurgite,
830 2396 868 2432 et
886 2391 986 2432 idem
