1475 2712
533 211 743 240 CARMINUM
762 210 821 237 111.

302 308 487 347 Inclinare
500 307 692 346 meridiem

195 363 345 407 Senti53
375 375 430 408 ac,
450 361 567 400 veluti
586 365 662 400 stet
680 360 842 398 volucris
862 360 952 405 dies,

302 415 430 454 Parcis
450 414 620 464 deripere
639 414 774 451 horreo

196 469 411 508 Cessantem
434 468 562 506 Bibuli
577 467 741 505 consulis
759 467 989 516 amphoram.

295 521 374 560 Nos
393 521 626 560 cantabimus
644 520 804 558 invicem

197 576 429 625 Neptunum,
451 580 488 613 et
506 575 643 612 virides
662 574 870 612 Nereidum
890 585 1013 611 comas
1029 584 1038 609 τ

299 629 358 666 Tu
378 641 493 667 curva
510 628 655 666 recines
673 628 756 678 lyra

195 681 393 729 Latonam,
415 687 453 721 et
472 682 602 720 celeris
623 681 768 731 spicula
784 679 971 730 Cynthiae
991 693 1000 718 ε

301 735 453 774 Summo
472 735 644 780 carmine,
665 747 761 784 quae
782 734 932 771 Cnidon

192 789 222 827 F
225 789 472 839 ulgentesque
489 794 594 828 tenet
616 788 812 837 Cycladas,
835 792 873 826 et
893 787 1053 837 Paphon

298 843 324 882 J
326 844 448 882 unctis
463 843 550 881 visit
569 842 733 880 oloribus
754 856 762 879 :

193 896 354 935 Dicetur
372 897 506 935 merita
524 896 613 933 Nox
633 908 782 945 quoque
802 895 947 933 naenia.

351 976 439 1014 01>ss
460 975 728 1014 XXIX—Ad
742 975 1001 1013 Maecenatem,

195 1043 422 1079 TYRRHENA
441 1055 573 1091 regum
592 1041 801 1091 progenies,
822 1041 894 1079 tibi

190 1096 279 1133 Non
296 1101 385 1133 ante
399 1108 507 1133 verso
526 1096 610 1133 lene
628 1108 772 1133 merum
792 1095 898 1140 cado,

195 1160 203 1167 ·
246 1149 341 1186 Cum
360 1149 465 1194 flore,
487 1149 698 1194 Maecenas,
719 1161 898 1194 rosarum,
920 1153 957 1186 et

293 1202 426 1240 Pressa
444 1203 520 1240 tuis
539 1203 696 1239 balanus
715 1202 858 1251 capillis

187 1256 420 1295 Jamdudum
440 1256 539 1305 apud
559 1268 619 1292 me
639 1261 706 1293 est.
765 1255 879 1304 Eripe
898 1259 936 1293 te
956 1267 1082 1293 morae
1102 1268 1110 1293 τ

184 1311 244 1348 Ne
261 1322 405 1359 semper
424 1310 541 1347 udum
563 1309 683 1346 Tibur
701 1314 739 1346 et
758 1308 921 1346 Aesulae

240 1363 396 1400 Declive
415 1363 679 1412 contempleris
698 1375 841 1408 arvum,
864 1368 901 1401 et

298 1416 479 1465 Telegoni
491 1416 590 1465 juga
609 1416 827 1466 parricidae.

188 1470 432 1509 Fastidiosam
452 1470 581 1508 desere
600 1469 756 1519 copiam,
776 1475 814 1508 et

187 1524 326 1562 Molem
346 1524 594 1573 propinquam
614 1523 777 1561 nubibus
795 1524 921 1562 arduis
940 1538 947 1561 ;

242 1577 388 1616 Omitte
407 1577 533 1614 mirari
552 1578 686 1616 beatae

299 1630 471 1676 Fumum,
493 1635 531 1668 et
551 1644 651 1680 opes,
672 1631 956 1680 strepitumque,
980 1631 1138 1671 Romae.

192 1685 418 1733 Plerumque
437 1689 567 1733 gratae
581 1684 760 1722 divitibus
779 1685 890 1732 vices,

187 1738 430 1788 Mundaeque
448 1751 564 1787 parvo
583 1739 652 1776 sub
671 1738 749 1775 lare
762 1751 970 1788 pauperum

243 1792 404 1837 Coenae,
425 1792 506 1829 sine
525 1792 664 1829 aulaeis
683 1797 721 1829 et
740 1798 854 1839 ostro,

294 1845 500 1883 Sollicitam
521 1846 733 1895 explicuere
746 1845 923 1885 frontem.
970 1856 991 1883 α

184 1899 270 1937 Jam
291 1899 411 1936 clarus
431 1899 618 1937 occultum
639 1899 904 1938 Andromedae
922 1905 1030 1949 pater

187 1952 369 1990 Ostendit
385 1953 511 2001 ignem
528 1966 535 1990 :
562 1952 640 2002 jam
657 1952 832 2003 Procyon
849 1954 951 1999 furit,

239 2006 291 2044 Et
311 2006 419 2044 stella
438 2007 565 2043 vesani
585 2006 734 2052 Leonis,

295 2059 381 2096 Sole
400 2060 478 2097 dies
497 2060 682 2098 referente
700 2060 826 2098 siccos.

185 2112 211 2150 J
213 2125 271 2150 am
291 2118 418 2161 pastor
436 2114 598 2158 umbras,
620 2126 704 2150 cum
718 2127 835 2163 grege
852 2114 1045 2164 languido,

187 2166 412 2215 Rivumque,
433 2166 551 2204 fessus
569 2167 726 2216 quaerit,
747 2169 944 2206 et.horridi

240 2219 407 2257 Durneta
428 2220 570 2257 Silvani
592 2226 600 2256 i
630 2226 806 2272 caretque

292 2273 393 2322 Ripa
411 2274 516 2323 vagis
534 2274 721 2312 taciturna
734 2276 868 2313 ventis.

189 2326 260 2372 Tu,
282 2327 471 2365 civitatem
490 2327 572 2377 quis
593 2328 724 2366 deceat·
743 2333 875 2372 status,

188 2380 317 2425 Curas,
339 2385 377 2418 et
396 2381 481 2418 urbi
498 2381 678 2420 sollicitus
697 2382 817 2428 times,

241 2434 346 2480 Quid
366 2434 473 2472 Seres
492 2440 530 2473 et
548 2440 706 2485 regnata
725 2435 826 2486 Cyro

278 2487 423 2527 Bactra
441 2494 584 2539 parent,
607 2489 819 2540 Tanaisque
838 2490 993 2530 discors.

1214 200 1267 247 67

1219 575 1270 611 10

1220 841 1326 878 15>

1241 1258 1265 1295 C(

1215 1526 1235 1562 1
1242 1525 1265 1562 Ο
