1475 2712
542 193 754 223 CARMINUM
780 192 834 220 lv.

437 292 525 330 ODE
545 289 736 328 IX.—Ad
759 289 931 328 Lollium.

202 360 267 398 NE
285 360 382 398 forte
399 359 529 397 credas
546 357 755 402 interitura,
776 369 884 405 quae,

201 414 336 463 Longe
355 417 549 450 sonantem
564 415 675 448 natus
694 409 744 448 ad
759 408 955 456 Aufidum,

255 468 344 504 Non
362 471 449 504 ante
467 465 639 513 vulgatas
659 476 725 513 per
744 469 844 501 artes

308 520 435 557 Verba
452 519 586 568 loquor
605 517 781 555 socianda
801 517 950 555 chordis
966 531 974 561 ;

197 575 298 619 Non,
319 574 350 611 si
367 573 507 621 priores
527 571 724 608 Maeonius
743 575 849 609 tenet

196 628 311 666 Sedes
331 626 531 671 Homerus,
554 625 776 662 Pindaricae
794 625 928 670 latent,

253 680 435 729 Ceaeque,
457 685 494 718 et
512 678 643 716 Alcaei
661 678 836 723 minaces,

305 733 582 782 Stesichorique
600 745 734 781 graves
749 744 946 770 camenae:

195 788 291 833 Nec,
312 787 343 825 si
363 787 454 836 quid
474 786 560 823 olim
575 785 666 824 lusit
687 786 899 832 Anacreon,

197 841 350 878 Delevit
371 846 494 878 aetas:
526 839 642 888 spirat
661 839 786 876 adhuc
804 851 921 886 amor,

251 895 471 943 Vivuntque
490 893 674 930 commissi
694 893 834 931 calores

301 947 456 984 Aeoliae
474 947 610 984 fidibus
629 946 786 996 puellae.

196 1002 286 1039 Non
305 1001 384 1038 sola
403 1005 545 1039 comtos
565 1001 655 1038 arsit
675 1000 838 1038 adulteri

202 1056 347 1100 Crines,
367 1059 405 1092 et
423 1067 556 1091 aurum
571 1053 738 1091 vestibus
756 1053 895 1091 illitum

247 1109 397 1152 Mirata,
417 1108 637 1156 regalesque
655 1108 778 1145 cultus

303 1161 356 1198 Et
374 1161 539 1205 comites,
560 1160 710 1198 Helene
730 1161 903 1199 Lacaena
920 1175 928 1206 ;

196 1214 390 1252 Primusve
410 1215 556 1251 Teucer
575 1214 651 1252 tela
673 1214 847 1263 Cydonio

193 1269 345 1306 Direxit
364 1280 454 1305 arcu
470 1281 478 1305 :
509 1279 586 1305 non
606 1268 719 1305 semel
738 1267 827 1305 Ilios

246 1322 393 1360 Vexata
408 1335 417 1358 :
448 1333 526 1358 non
544 1321 731 1370 pugnavit
747 1321 884 1371 ingens

297 1375 521 1412 Idomeneus
540 1374 790 1412 Sthenelusve
809 1375 911 1412 solus

193 1429 368 1466 Dicenda
388 1429 503 1465 musis
522 1429 665 1477 proelia
683 1442 692 1466 ε
723 1441 801 1465 non
819 1429 927 1466 ferox

194 1482 355 1528 Hector,
376 1482 437 1519 vel
455 1494 540 1519 acer
556 1482 780 1531 Deiphobus
798 1495 932 1531 graves

246 1536 407 1585 Excepit
426 1535 524 1573 ictus
543 1548 612 1584 pro
631 1535 779 1584 pudicis

297 1589 533 1638 Conjugibus
552 1589 753 1638 puerisque
771 1590 928 1638 primus.

191 1641 330 1680 Vixere
348 1643 463 1680 fortes
477 1647 566 1680 ante
585 1643 872 1691 Agamemnona

196 1697 310 1734 Multi
326 1710 334 1734 :
365 1697 431 1733 sed
450 1709 578 1734 omnes
597 1697 871 1735 illacrimabiles

246 1750 480 1799 Urguentur‚
501 1749 710 1799 ignotique,
729 1751 845 1800 longa

297 1804 431 1848 Nocte,
453 1808 582 1841 carent
601 1804 689 1853 quia
707 1809 794 1842 vate
813 1817 931 1842 sacro.

197 1857 374 1895 Paullum
389 1857 557 1906 sepultae
571 1857 687 1895 distat
706 1857 865 1896 inertiae

194 1911 325 1949 Celata
343 1911 477 1948 virtus.
533 1911 624 1948 Non
642 1923 713 1959 ego
731 1917 771 1949 te
790 1911 882 1949 meis

245 1964 394 2002 Char-tis
413 1964 632 2002 inornatum
650 1965 781 2011 silebo,

300 2019 422 2056 Totve
440 2024 526 2057 tuos
545 2018 669 2067 patiar
687 2018 836 2056 labores

194 2069 366 2120 Impune,
387 2071 501 2118 Lolli,
521 2084 675 2121 carpere
693 2071 829 2110 lividas

193 2124 425 2163 Obliviones.
485 2125 555 2164 Est
575 2126 721 2163 animus
739 2125 810 2163 tibi

244 2178 464 2228 Rerumque
482 2179 662 2228 prudens,
683 2183 723 2217 et
739 2179 916 2217 secundis

301 2232 549 2282 Temporibus
568 2232 767 2282 dubiisque
786 2238 911 2271 rectus
931 2246 941 2277 ;

190 2285 341 2322 Vindex
356 2298 488 2324 avarae
506 2286 660 2331 fraudis,
681 2292 720 2324 et
739 2287 944 2333 abstinens,

194 2339 382 2377 Ducentis
401 2340 450 2377 ad
469 2352 508 2377 se
522 2344 669 2385 cuncta,
686 2340 889 2388 pecuniae;

245 2392 463 2443 Consulque
481 2405 557 2431 non
576 2393 689 2431 unius
708 2393 810 2439 anni,

297 2446 375 2485 Sed
394 2447 541 2497 quoties
559 2448 682 2486 bonus
700 2452 818 2497 atque
836 2446 934 2485 fidus

1252 574 1275 611 Q!

1223 842 1273 878 10

1222 1913 1274 1951 30

1218 2448 1271 2485 40
