1414 2666
102 250 154 286 46
399 248 445 286 P.
477 248 727 288 VIRGILII
758 249 1017 289 MARONIS
1188 250 1299 303 [Lm.

103 355 210 393 Hinc
229 355 389 393 canibus
408 356 559 394 blandis
578 357 705 394 rabies
725 358 845 403 venit,
866 363 903 395 et
925 358 1052 406 quatit
1071 371 1194 408 aegros

105 409 243 446 Tussis
263 410 401 446 anhela
421 422 519 455 sues,
542 423 586 447 ac
605 410 781 448 faucibus
801 412 910 460 angit
929 412 1066 449 obesis.

103 462 279 507 Labitur,
300 463 439 500 infelix
462 464 677 500 studiorum
697 471 812 514 atque
831 465 1033 502 immemor
1051 465 1192 512 herbae,

104 516 245 553 Victor
265 529 398 565 equuS,
420 516 622 566 fontesque
642 519 844 564 avertitur,
866 524 904 556 et
923 520 1019 568 pede
1040 525 1183 556 terram

105 569 253 607 Crebra
271 569 386 614 ferit3
415 571 588 607 demissae
609 584 731 617 aures,
753 572 923 609 incertus
942 573 1087 609 ibidem
1223 573 1303 609 500

107 622 247 669 Sudor,
269 629 306 661 et
325 623 391 661 ille
411 625 568 673 quidem
587 625 786 662 morituris
805 625 995 675 frigidus;
1027 631 1110 663 aret

104 676 240 722 Pellis,
262 683 300 714 et
321 678 367 714 ad
388 683 534 714 tactum
553 679 737 716 tractanti
758 680 855 716 dura
874 680 1034 716 resistit.

107 729 202 767 Haec
223 737 312 767 ante
332 731 496 768 exitium
518 732 653 780 primis
673 733 765 769 dant
785 733 896 781 signa
916 733 1065 770 diebus.

107 783 177 820 Sin
196 784 236 820 in
258 797 438 833 processu
458 785 574 834 coepit
594 785 819 822 crudescere
838 787 1017 823 morbus:

104 837 206 874 Turn
227 850 319 874 vero
339 839 516 875 ardentes
536 838 637 875 oculi
657 845 772 887 atque
792 845 978 876 attractus
999 840 1046 876 ab
1066 838 1144 876 alto
1226 841 1303 876 505

110 890 293 938 Spiritus,
314 891 510 927 interdum
530 892 677 940 gemitu
698 893 846 941 gravis3
874 893 1028 941 imaque
1047 893 1163 942 longo
1310 902 1313 903 ’

107 943 183 981 Ilia
202 944 376 993 singultu
395 945 581 988 tendunt3
607 945 639 982 it
658 946 817 983 naribus
837 952 920 983 ater

109 997 290 1046 Sanguis,
310 1004 348 1035 et
368 999 540 1035 obsessas
559 998 688 1036 fauces
709 999 849 1048 premit
869 1012 1005 1049 aspera
1023 999 1168 1049 lingua.

104 1051 260 1088 Profuit
279 1052 425 1088 inserto
445 1052 578 1090 latices
598 1053 803 1090 infundere
823 1065 944 1090 cornu

104 1104 290 1149 Lenaeos3
319 1118 364 1142 ea
384 1105 469 1142 visa
489 1106 590 1143 salus
611 1107 868 1144 morientibus
889 1120 982 1151 una3
1227 1109 1307 1144 510

107 1158 206 1194 Mox
226 1166 309 1195 erat
328 1160 400 1196 hoe
419 1159 546 1208 ipsum
568 1160 699 1204 exitio,
722 1160 912 1208 furiisque
931 1161 1068 1199 refecti

107 1211 324 1257 Ardebant,
344 1213 495 1260 ipsique
516 1226 604 1250 suos
618 1212 699 1261 jam
720 1221 844 1251 morte
864 1215 935 1252 sub
954 1228 1068 1263 aegra,

105 1265 212 1301 -Di
233 1266 392 1303 meliora
412 1267 499 1315 piis,
521 1280 766 1315 erroremque
785 1268 961 1305 hostibus
981 1269 1090 1306 illum
1107 1270 1172 1307 1-

106 1319 300 1356 Discissos
320 1320 434 1357 nudis
454 1321 653 1357 laniabant
672 1321 853 1358 dentibus
872 1328 991 1359 artus.

106 1372 210 1410 Ecce
230 1379 358 1410 autem
380 1373 476 1411 duro
495 1373 649 1411 fumans
669 1376 740 1411 sub
759 1387 916 1412 vomere
936 1383 1071 1414 taurus
1226 1379 1303 1414 515

108 1424 300 1471 Concidit,
322 1434 360 1463 et
380 1428 549 1464 mixtum
569 1428 716 1475 spumis
738 1429 860 1465 vomit
880 1442 945 1466 ore
965 1442 1152 1476 cruorem,

107 1479 394 1529 Extremosque
414 1481 490 1518 ciet
509 1482 691 1530 gemitus·
748 1481 786 1518 It
806 1482 929 1519 tristis
949 1489 1090 1529 arator,

110 1533 348 1570 Moerentum
368 1533 583 1582 abjungens
602 1534 773 1572 fraterna
792 1542 915 1573 morte
938 1536 1165 1585 juvencum,

110 1585 247 1636 Atque
267 1600 382 1636 opere
402 1588 442 1623 in
462 1589 590 1625 medio
609 1589 741 1626 defixa
760 1590 944 1638 relinquit
964 1597 1102 1628 aratra.

106 1640 199 1677 Non
219 1642 364 1677 umbrae
385 1641 549 1678 altorum
563 1655 775 1686 nemorum,
790 1656 866 1680 non
882 1644 1011 1681 mollia
1030 1651 1192 1694 possunt
1227 1646 1307 1681 520

114 1694 234 1731 Prata
253 1707 408 1732 movere
428 1695 610 1741 animum,
633 1709 709 1732 non
729 1697 793 1744 qui
817 1709 886 1745 per
904 1710 999 1735 saxa
1019 1698 1174 1736 volutus

105 1747 249 1785 Purior
267 1748 409 1785 electro
429 1761 606 1797 campum
626 1750 724 1798 petit
744 1751 892 1794 amnis;
920 1758 959 1788 at
978 1751 1057 1788 ima

111 1800 325 1838 Solvuntur
345 1802 476 1846 latera,
499 1810 616 1851 atque
636 1804 765 1840 oculos
785 1810 921 1852 stupor
941 1811 1081 1853 urguet
1101 1805 1258 1851 inertes,

111 1855 177 1891 Ad
199 1862 418 1904 terramque
437 1855 524 1891 fluit
544 1857 694 1893 devexo
715 1858 884 1905 pondere
903 1859 1052 1894 cervix.

111 1906 216 1953 Quid
235 1908 344 1945 labor
363 1914 430 1945 aut
449 1909 651 1946 benefacta
663 1909 836 1957 juvant?
885 1910 989 1956 Quid
1009 1924 1164 1950 vomere
1185 1918 1308 1950 terras

108 1961 324 1999 Invertisse
344 1962 511 2010 graves?
568 1963 694 2011 Atqui
714 1976 791 2001 non
814 1964 982 2002 Massica
1000 1964 1146 2003 Bacchi
1229 1967 1308 2004 526

110 2015 288 2059 Munera,
310 2028 386 2052 non
407 2016 484 2053 illis
504 2016 626 2065 epulae
646 2029 812 2055 nocuere
831 2024 993 2065 repostae
1013 2032 1021 2054 :

110 2068 331 2105 Frondibus
351 2074 389 2105 et
410 2070 515 2106 victu
537 2079 749 2117 pascuntur
770 2071 955 2119 simplicis
976 2072 1104 2109 herbae
1123 2087 1132 2115 ;

110 2122 256 2159 Pocula
275 2128 366 2159 sunt
386 2121 511 2160 fontes
531 2123 668 2171 liquidi
689 2131 805 2173 atque
824 2126 997 2163 exercita
1016 2138 1129 2163 cursu

110 2175 316 2220 Flumina3
345 2188 417 2214 nec
436 2189 588 2214 somnos
608 2178 804 2227 abrumpit
824 2191 916 2215 cura
936 2179 1119 2217 salubres.
1231 2181 1310 2217 530

111 2229 304 2276 Tempore
323 2243 400 2266 non
420 2230 495 2267 alio
514 2231 648 2268 dicunt
668 2232 891 2280 regionibus
910 2232 987 2269 illis

113 2281 303 2327 Quaesitas
324 2284 371 2319 ad
392 2296 498 2321 sacra
517 2285 635 2322 boves
655 2285 835 2330 Junonis,
858 2293 896 2322 et
916 2286 996 2323 uris

110 2335 332 2383 Imparibus
353 2338 487 2374 ductos
508 2338 585 2375 alta
604 2339 652 2375 ad
673 2339 832 2375 donaria
852 2351 1002 2375 currus.

110 2388 218 2437 Ergo
239 2401 342 2438 aegre
362 2392 497 2428 rastris
518 2397 661 2428 terram
681 2392 882 2437 rimantur,
905 2400 943 2429 et
963 2393 1058 2442 ipsis

112 2442 324 2491 Unguibus
343 2443 539 2481 infodiunt
559 2444 704 2494 fruges,
725 2451 947 2494 montesque
969 2459 1037 2495 per
1056 2446 1152 2484 altos
1227 2448 1306 2483 535

113 2495 304 2533 Contenta
325 2498 473 2535 cervice
496 2499 653 2535 trahunt
675 2499 875 2536 stridentia
897 2500 1079 2548 plaustra.
