1475 2712
98 205 146 256 1.]
625 215 747 243 usn.
1255 202 1278 239 9

100 311 197 349 Tum
216 313 345 351 blandi
363 314 480 352 soles:
507 314 713 363 ignotaque
731 311 859 361 prodit
877 310 1051 355 hirundo,

153 365 205 403 Et
223 366 367 405 luteum
386 368 482 405 celsa
500 368 569 405 sub
583 367 690 405 trabe
708 365 819 414 fingit
838 377 930 414 opus
950 377 958 402 :

100 418 198 457 Tum
224 421 366 470 patitur
381 422 504 459 cultus
523 433 622 470 ager,
644 425 682 457 et
701 424 905 456 renovatur
932 422 1059 455 aratro
1080 429 1088 454 :

152 472 248 511 Haec
267 474 354 511 anni
373 475 518 512 novitas
531 475 618 523 jure
636 473 805 510 vocanda
822 472 906 510 fuit.
1200 469 1276 507 160

100 525 333 571 Quaesieram
351 528 478 565 multis
497 541 505 565 :
535 539 612 564 non
630 526 758 564 multis
776 526 840 563 ille
858 529 1035 570 moratus,

152 580 324 618 Contulit
342 581 381 618 in
401 594 528 618 versus
547 582 599 618 sic
619 593 685 618 sua
704 581 819 617 verba
837 580 945 616 duos.

100 633 239 671 Bruma
258 634 345 671 novi
364 635 482 684 prima
500 641 568 680 est,
589 634 799 683 veterisque
817 632 1018 669 novissima
1037 631 1146 669 solis:

150 687 380 737 Principium
400 689 553 738 capiunt
574 688 738 725 Phoebus
758 692 796 724 et
815 699 935 723 annus
955 686 1069 722 idem.

99 739 190 778 Post
205 753 252 790 ¹ea
271 741 442 787 mirabar,
465 755 530 779 cur
549 754 625 779 non
645 741 725 778 sine
744 740 875 778 litibus
895 743 991 776 esset
1199 735 1274 774 165

151 794 277 832 Prima
297 795 387 832 dies.
437 795 596 833 Causam
617 794 776 844 percipe,
797 793 919 831 Janus
947 793 1011 830 ait.

99 847 284 897 Tempora
303 849 468 886 commisi
487 849 678 886 nascentia
692 849 803 885 rebus
823 846 991 896 agendis,

151 901 272 939 Totus
292 903 338 938 ab
357 903 521 951 auspicio
541 915 588 939 ne
606 902 702 939 foret
722 914 841 938 annus
860 901 972 937 iners.

102 953 272 1003 Quisque
288 968 372 992 suas
391 962 489 994 artes
509 957 556 993 ob
575 956 674 992 idem
695 955 836 992 delibat
856 953 1003 1003 agendo
1020 966 1027 990 ε

152 1008 232 1045 Nec
247 1009 330 1057 plus
342 1022 454 1057 quam
469 1009 620 1047 solitum
638 1009 861 1047 testificatur
881 1020 987 1056 opus.
1202 1004 1278 1041 170

99 1060 191 1097 Mox
209 1075 280 1110 ego
300 1076 308 1099 :
341 1063 429 1108 Cur,
447 1063 614 1112 quamvis
634 1062 791 1099 aliorum
811 1061 965 1098 numina
986 1060 1141 1109 placem,

148 1114 257 1161 Jane,
278 1115 347 1153 tibi
366 1117 485 1164 primo
504 1116 616 1153 thura
634 1127 851 1164 merumque
868 1115 948 1151 fero
967 1114 985 1151 i>

101 1167 156 1205 Ut
174 1181 240 1217 per
258 1181 317 1205 me
337 1170 454 1218 possis
474 1170 629 1215 aditum,
652 1169 716 1218 qui
734 1169 863 1205 limina
883 1181 1000 1212 servo,

151 1221 213 1258 Ad
233 1234 475 1271 quoscunque
494 1223 607 1267 voles,
628 1223 761 1271 inquit,
782 1222 919 1258 habere
937 1221 1037 1258 deos.

98 1275 151 1312 At
170 1287 237 1311 cur
256 1275 342 1313 laeta
361 1276 435 1313 tuis
454 1276 633 1313 dicuntur
652 1276 765 1312 verba
785 1274 979 1320 Kalendis,
1198 1273 1272 1310 175

151 1327 202 1366 Et
220 1328 350 1365 damus
370 1329 532 1366 alternas
552 1329 826 1378 accipimusque
844 1340 972 1377 preces
991 1327 1010 1364 ἶ)

98 1379 196 1418 Tum
233 1382 325 1418 deus
360 1383 580 1419 incumbens
608 1382 755 1426 bas-ulo,
795 1394 905 1430 quem
943 1381 1078 1420 dextra
1106 1379 1274 1428 gerebat,

150 1434 288 1471 Omnia
302 1435 504 1484 principiis,
525 1436 659 1484 inquit,
680 1435 801 1471 inesse
820 1435 953 1472 solent.

93 1488 157 1524 Ad
177 1488 333 1536 primam
348 1501 476 1525 vocem
496 1489 644 1526 timidas
663 1488 858 1526 advertitis
875 1501 992 1534 aures,

148 1540 199 1579 Et
217 1541 379 1590 primum
395 1542 509 1579 visam
529 1542 692 1580 consulit
710 1554 831 1590 augur
849 1554 967 1579 avem.
1198 1539 1274 1577 180

94 1594 251 1644 Templa
270 1600 401 1644 patent
420 1608 602 1645 auresque
617 1595 740 1641 desim,
761 1608 829 1632 nec
848 1595 977 1643 lingua
995 1595 1153 1632 caducas

147 1647 321 1698 Concipit
340 1649 416 1686 ulla
435 1662 576 1698 preces,
598 1649 772 1696 dictaque
791 1649 939 1697 pondus
959 1649 1113 1686 habent.

93 1701 268 1739 Desierat
286 1702 312 1739 J
315 1715 407 1739 anus
429 1716 437 1740 :
467 1715 535 1740 nec
553 1703 668 1751 longa
686 1703 835 1740 silentia
853 1702 935 1747 feci,

147 1755 222 1792 Sed
242 1756 351 1804 tetigi
367 1756 488 1793 verbis
507 1756 640 1794 ultima
659 1757 773 1792 verba
792 1756 904 1793 meis:

94 1807 198 1852 Quid
217 1809 297 1846 vult
317 1809 439 1858 palma
458 1810 527 1846 sibi
545 1822 757 1858 rugosaque
776 1809 908 1854 carica,
925 1809 1015 1853 dixi,
1196 1809 1272 1847 185

146 1861 198 1899 Et
217 1862 305 1900 data
324 1863 393 1900 sub
412 1863 522 1900 niveo
540 1863 693 1900 condita
707 1863 816 1899 mella
835 1863 929 1899 cado
949 1863 969 1899 t>

92 1915 226 1961 Omen,
249 1916 311 1960 ait,
333 1929 441 1953 causa
461 1922 528 1962 est,
549 1923 592 1954 ut
611 1929 669 1953 res
687 1929 796 1965 sapor
814 1915 875 1952 ille
894 1921 1085 1965 sequatur,

146 1968 198 2006 Et
216 1976 370 2018 peragat
391 1975 552 2019 coeptum
572 1970 692 2006 dulcis
711 1976 755 2007 ut
774 1981 894 2006 annus
912 1969 997 2007 iter.

92 2021 229 2059 Dulcia
248 2035 314 2059 cur
329 2023 478 2069 dentur,
495 2024 628 2067 video3
659 2023 764 2072 stipis
784 2022 904 2071 adjice
923 2036 1083 2069 causam,

146 2075 236 2112 Pars
250 2076 338 2112 mihi
361 2076 408 2113 de
426 2077 521 2114 festo
540 2089 588 2113 ne
605 2077 708 2114 labet
727 2076 803 2113 ulla
821 2082 901 2114 tuo.
1190 2077 1267 2115 190

92 2127 194 2166 Risit
211 2141 220 2173 ;
250 2134 299 2174 et,
323 2129 358 2166 O
379 2143 490 2178 quam
510 2135 549 2167 te
566 2130 702 2167 fallunt
720 2135 788 2167 tua
807 2130 952 2175 saecula,
974 2130 1084 2176 dixit,

146 2181 223 2227 Qui
237 2182 333 2231 stipe
351 2183 424 2219 mel
443 2190 566 2221 sumta
584 2183 730 2220 dulcius
748 2196 827 2220 esse
845 2188 954 2232 putes
975 2184 982 2221 Σ

90 2234 167 2271 Vix
184 2248 255 2284 ego
276 2236 439 2274 Saturno
458 2249 669 2285 quenquam
687 2241 871 2285 regnante
889 2237 1072 2283 videbam,

144 2288 261 2337 Cujus
281 2301 357 2326 non
376 2290 501 2326 animo
519 2290 645 2327 dulcia
663 2290 768 2326 lucra
785 2289 921 2327 forent.

91 2341 277 2390 Tempore
285 2343 402 2380 crevit
417 2356 531 2389 amor,
548 2343 613 2392 qui
625 2356 725 2380 nunc
733 2347 789 2381 est
797 2343 1169 2388 summusnhabendi:
1194 2344 1268 2382 195

146 2394 220 2432 Vix
238 2395 348 2441 ultra,
370 2409 446 2445 quo
458 2396 538 2445 jam
557 2396 833 2446 progrediatur,
849 2396 976 2433 habet.

93 2447 215 2487 Pluris
234 2461 324 2499 opes
342 2462 443 2488 nunc
463 2455 562 2497 sunt,
584 2463 696 2500 quam
714 2450 826 2500 prisci
844 2450 1022 2500 temporis
1042 2451 1160 2498 annis,
