1414 2666
201 187 249 227 14
635 189 854 241 [ammos
871 203 900 231 1.

196 298 232 336 O
251 298 454 338 fortunati!
483 312 641 349 quorum
654 299 731 349 jam
745 300 890 338 moenia
908 305 1079 352 surgunt,

195 354 345 390 Aeneas
363 353 425 399 ait,
447 358 485 391 et
502 353 651 403 fastigia
669 354 821 403 suspicit
838 355 956 392 urbis.

194 405 313 445 Infert
331 420 370 444 se
388 411 514 457 septus
528 407 674 454 nebula,
694 408 862 445 mirabile
878 408 1005 447 dictu!

194 460 267 498 Per
286 460 438 507 medios,
458 461 660 511 miscetque
678 461 787 507 viris3
817 474 939 511 neque
952 462 1117 501 cernitur
1133 461 1215 500 ulli.

247 514 373 551 Lucus
391 515 430 551 in
449 516 542 553 urbe
558 515 630 554 fuit
646 515 779 562 media,
797 515 1017 554 laetissimus
1034 517 1199 563 umbrae,
1280 515 1357 553 445

196 569 282 614 Quo
302 568 471 617 primum,
485 569 621 618 jactati
638 568 748 606 undis
768 574 806 607 et
822 570 984 616 turbine,
1006 569 1122 607 Poeni

193 621 368 660 Effodere
385 622 467 659 loco
486 624 645 672 signum,
666 623 766 672 quod
786 623 889 672 regia
906 623 1010 661 Juno

193 676 433 721 Monstrarat‚
454 682 566 726 caput
584 677 676 714 acris
696 677 804 726 equi3
833 677 885 714 sic
902 689 990 714 nam
1007 677 1086 715 fore
1103 677 1202 715 bello

194 730 406 779 Egregiani‚
429 737 466 768 et
486 731 630 768 facilem
649 731 751 769 victu
768 743 834 780 per
852 731 1008 773 saecula,
1029 736 1193 779 gentem.

196 783 268 821 Hic
287 784 465 833 templum
484 784 509 822 J
515 785 628 821 unoni
646 785 778 833 ingens
799 784 952 821 Sidonia
967 784 1070 821 Dido
1281 783 1358 822 450

195 838 402 883 Condebat,
423 838 530 875 donis
549 839 767 887 opulentum
787 846 824 875 et
844 838 996 875 numine
1015 838 1146 876 divae:

192 893 314 929 Aerea
328 892 387 928 cui
406 893 584 940 gradibus
603 892 806 940 surgebant
824 891 963 937 limina,
984 903 1177 942 nexaeque

190 946 289 982 Aere
308 946 453 989 trabes;
482 946 621 982 foribus
640 945 752 982 cardo
770 944 951 984 stridebat
969 945 1082 982 aenis.

192 999 277 1036 Hoc
296 999 453 1049 primum
473 999 512 1035 in
531 1000 616 1036 luco
631 1011 727 1035 nova
745 1011 803 1036 res
822 999 946 1036 oblata
963 999 1134 1036 timorem

192 1052 318 1091 Leniit
339 1067 347 1090 ε
377 1053 437 1089 hic
456 1053 613 1102 primum
633 1053 779 1090 Aeneas
799 1065 945 1102 sperare
964 1053 1119 1090 salutem
1279 1053 1357 1090 455

191 1107 327 1152 Ausus,
348 1112 386 1144 et
404 1107 548 1144 afflictis
567 1106 696 1143 melitis
715 1107 901 1143 confidere
919 1107 1043 1143 rebus.

192 1161 373 1210 Namque,
395 1162 463 1197 sub
483 1160 627 1209 ingenti
646 1160 781 1197 lustrat
798 1160 887 1197 dum
906 1160 1049 1208 singula
1067 1159 1219 1208 templo,

192 1214 377 1263 Reginam
398 1215 603 1263 opperiens,
623 1213 725 1258 dum,
746 1226 840 1263 quae
858 1213 1007 1252 fortuna
1025 1214 1073 1251 sit
1091 1213 1186 1258 urbi,

190 1268 459 1316 Artificumque
478 1281 608 1304 manus
627 1267 724 1304 inter
736 1280 787 1312 se,
807 1279 1034 1317 operumque
1051 1267 1227 1313 laborem,

192 1322 363 1367 Miratur,
384 1322 487 1359 videt
507 1321 637 1358 Iliacas
656 1333 703 1357 ex
721 1321 852 1358 ordine
873 1334 1029 1370 pugnas,
1283 1320 1360 1360 460

192 1375 382 1425 Bellaque,
395 1375 473 1424 jam
493 1375 589 1412 fama
608 1380 730 1412 totum
749 1375 900 1423 volgata
916 1387 982 1424 per
1000 1374 1139 1420 orbem,

190 1430 355 1474 Atridas,
380 1429 651 1478 Priamumque,
673 1433 711 1466 et
730 1441 879 1465 saevum
898 1429 1077 1466 ambobus
1095 1427 1296 1468 Achillem.

192 1483 371 1522 Constitit
390 1497 398 1526 ;
428 1489 476 1528 et,
497 1482 708 1525 lacrimam,
721 1481 816 1527 Quis
828 1481 906 1531 jam
922 1482 1037 1528 locus,
1052 1482 1186 1532 inquit,
1200 1484 1356 1532 Achate,

193 1537 299 1582 Quae
313 1537 416 1586 regio
435 1537 474 1573 in
493 1536 600 1575 terris
619 1536 737 1573 nostri
757 1548 833 1572 non
850 1536 960 1585 plena
978 1535 1115 1574 laboris
1129 1536 1148 1574 Ρ

191 1591 251 1628 En
271 1591 440 1628 Priamus
456 1590 464 1627 l
522 1590 618 1628 Sunt
637 1590 697 1626 hic
716 1589 826 1627 etiam
846 1603 912 1627 sua
930 1590 1092 1639 praemia.
1105 1590 1209 1628 laudi
1226 1604 1236 1626 τ
1279 1591 1356 1630 465

190 1645 288 1683 Sunt
305 1645 476 1682 lacrimae
495 1656 638 1687 rerum3
668 1647 707 1680 et
725 1648 887 1681 mentem
906 1644 1078 1681 mortalia
1093 1648 1271 1693 tangunt.

189 1699 300 1737 Solve
318 1704 460 1742 metus;
489 1698 583 1736 feret
601 1697 691 1735 haec
710 1697 870 1746 aliquam
889 1697 958 1735 tibi
976 1697 1074 1735 fama
1089 1698 1260 1738 salutem.

190 1753 251 1791 Sic
270 1753 334 1799 ait,
354 1760 467 1801 atque
485 1752 649 1788 animum
668 1752 814 1800 pictura
833 1751 950 1800 pascit
967 1751 1082 1797 inani,

187 1806 312 1844 Multa
328 1819 491 1855 gemens,
507 1806 685 1854 largoque
703 1805 893 1842 humectat
905 1804 1058 1842 flumine
1071 1805 1227 1844 voltum.

241 1860 412 1909 Namque
431 1859 592 1903 videbat,
615 1859 670 1896 uti
688 1858 868 1896 bellantes
888 1857 1071 1906 Pergama
1088 1859 1226 1898 circum
1278 1860 1356 1901 470

187 1912 273 1951 Hac
291 1914 463 1963 fugerent
483 1912 598 1958 Graii,
618 1916 802 1962 premeret
822 1911 984 1960 Trojana
995 1911 1196 1960 juventus:

188 1967 273 2005 Hae
289 1967 457 2016 Phryges
473 1979 482 2010 ;
511 1967 668 2004 instaret
687 1978 795 2002 cur-ru
817 1965 991 2003 cristatus
1010 1965 1189 2005 Achillen·

187 2021 268 2059 Nec
286 2021 415 2071 procul
434 2020 521 2057 hinc
541 2019 657 2057 Rhesi
676 2019 792 2056 niveis
810 2019 974 2057 tentoria
991 2019 1082 2057 velis

186 2075 364 2124 Agnoscit
382 2074 577 2111 lacrimans
593 2087 601 2117 ;
632 2073 751 2122 primo
769 2085 865 2122 quae
884 2072 1036 2122 prodita
1053 2085 1184 2112 somno

186 2128 352 2179 Tydides
371 2128 488 2165 multa
508 2128 676 2165 vastabat
694 2127 807 2164 caede
825 2132 1026 2171 eruentus;
1275 2131 1352 2170 475

184 2183 435 2231 Ardentisque
455 2181 588 2219 avertit
607 2193 720 2229 equos
738 2180 777 2217 in
797 2185 930 2225 castra,
950 2180 1052 2230 prius
1069 2193 1182 2230 quam

183 2236 324 2274 Pabula
341 2236 553 2284 gustassent
574 2234 720 2282 Trojae,
743 2234 1014 2283 Xanthumque
1031 2234 1224 2275 bibissent.

182 2290 294 2328 Parte
308 2290 379 2326 alia
397 2289 542 2338 fugiens
562 2288 702 2325 amissis
721 2287 869 2325 Troilus
887 2288 1008 2332 armis,

182 2343 316 2380 Infelix
335 2355 436 2393 puer,
458 2354 570 2392 atque
589 2343 707 2391 impar
725 2354 944 2390 congressus
963 2341 1115 2389 Achilli,

183 2397 317 2435 Fertur
338 2397 453 2445 equiS,
473 2408 658 2444 curruque
679 2396 807 2433 haeret
825 2395 1020 2444 resupinus
1039 2396 1150 2442 inani,
1192 2407 1201 2418 ’·
1272 2400 1350 2438 480

182 2451 281 2488 Lora
299 2456 428 2488 tenens
448 2455 571 2487 tamen
586 2464 593 2486 :
616 2450 700 2485 huic
720 2449 918 2498 cervixque
935 2461 1134 2499 minaeque
1152 2451 1352 2492 trahuntur
