<?xml version="1.0" encoding="UTF-8"?>
<!DOCTYPE html PUBLIC "-//W3C//DTD XHTML 1.0 Transitional//EN"
    "http://www.w3.org/TR/xhtml1/DTD/xhtml1-transitional.dtd">
<html xmlns="http://www.w3.org/1999/xhtml" xml:lang="en" lang="en">
 <head>
  <title>
</title>
<meta http-equiv="Content-Type" content="text/html;charset=utf-8" />
  <meta name='ocr-system' content='tesseract 3.04.00' />
  <meta name='ocr-capabilities' content='ocr_page ocr_carea ocr_par ocr_line ocrx_word'/>
</head>
<body>
  <div class='ocr_page' id='page_1' title='image "./curriculumlatinu02mont_0156.png"; bbox 0 0 1414 2666; ppageno 0'>
   <div class='ocr_carea' id='block_1_1' title="bbox 627 195 902 223">
    <p class='ocr_par' dir='ltr' id='par_1_1' title="bbox 627 195 902 223">
     <span class='ocr_line' id='line_1_1' title="bbox 627 195 902 223; baseline -0.007 -1"><span class='ocrx_word' id='word_1_1' title='bbox 627 195 838 223; x_wconf 74' lang='lat' dir='ltr'>CARMINUM</span> <span class='ocrx_word' id='word_1_2' title='bbox 857 195 902 223; x_wconf 88' lang='lat'>11.</span> 
     </span>
    </p>
   </div>
   <div class='ocr_carea' id='block_1_2' title="bbox 275 291 1095 826">
    <p class='ocr_par' dir='ltr' id='par_1_2' title="bbox 275 291 1095 826">
     <span class='ocr_line' id='line_1_2' title="bbox 332 291 931 343; baseline -0.002 -13"><span class='ocrx_word' id='word_1_3' title='bbox 332 292 523 337; x_wconf 76' lang='lat' dir='ltr'><strong>Testatur,</strong></span> <span class='ocrx_word' id='word_1_4' title='bbox 541 291 787 343; x_wconf 85' lang='lat' dir='ltr'>auditumque</span> <span class='ocrx_word' id='word_1_5' title='bbox 807 292 931 330; x_wconf 85' lang='lat' dir='ltr'>Medis</span> 
     </span>
     <span class='ocr_line' id='line_1_3' title="bbox 380 345 959 396; baseline 0.002 -14"><span class='ocrx_word' id='word_1_6' title='bbox 380 345 590 396; x_wconf 87' lang='lat' dir='ltr'>Hesperiae</span> <span class='ocrx_word' id='word_1_7' title='bbox 609 346 773 384; x_wconf 88' lang='lat' dir='ltr'>sonitum</span> <span class='ocrx_word' id='word_1_8' title='bbox 793 347 924 384; x_wconf 87' lang='lat' dir='ltr'>ruinae</span> <span class='ocrx_word' id='word_1_9' title='bbox 939 345 959 383; x_wconf 71' lang='grc' dir='ltr'>Ρ</span> 
     </span>
     <span class='ocr_line' id='line_1_4' title="bbox 280 400 1095 449; baseline 0 -13"><span class='ocrx_word' id='word_1_10' title='bbox 280 400 357 446; x_wconf 82' lang='lat' dir='ltr'>Qui</span> <span class='ocrx_word' id='word_1_11' title='bbox 375 411 526 449; x_wconf 79' lang='lat' dir='ltr'>gurgeS,</span> <span class='ocrx_word' id='word_1_12' title='bbox 548 407 613 438; x_wconf 81' lang='lat' dir='ltr'>aut</span> <span class='ocrx_word' id='word_1_13' title='bbox 627 412 724 449; x_wconf 91' lang='lat' dir='ltr'>quae</span> <span class='ocrx_word' id='word_1_14' title='bbox 736 400 905 437; x_wconf 87' lang='lat' dir='ltr'>fluminia</span> <span class='ocrx_word' id='word_1_15' title='bbox 923 400 1095 448; x_wconf 87' lang='lat' dir='ltr'>lugubris</span> 
     </span>
     <span class='ocr_line' id='line_1_5' title="bbox 276 453 998 504; baseline 0.001 -14"><span class='ocrx_word' id='word_1_16' title='bbox 276 454 414 504; x_wconf 83' lang='lat' dir='ltr'>Ignara</span> <span class='ocrx_word' id='word_1_17' title='bbox 432 453 521 491; x_wconf 91' lang='lat' dir='ltr'>belli</span> <span class='ocrx_word' id='word_1_18' title='bbox 533 453 552 490; x_wconf 71' lang='lat' dir='ltr'><em>P</em></span> <span class='ocrx_word' id='word_1_19' title='bbox 580 453 683 503; x_wconf 90' lang='lat' dir='ltr'>quod</span> <span class='ocrx_word' id='word_1_20' title='bbox 701 467 803 491; x_wconf 88' lang='lat' dir='ltr'>mare</span> <span class='ocrx_word' id='word_1_21' title='bbox 823 453 998 491; x_wconf 86' lang='lat' dir='ltr'>Dauniae</span> 
     </span>
     <span class='ocr_line' id='line_1_6' title="bbox 330 506 885 555; baseline 0.002 -11"><span class='ocrx_word' id='word_1_22' title='bbox 330 507 420 544; x_wconf 91' lang='lat' dir='ltr'>Non</span> <span class='ocrx_word' id='word_1_23' title='bbox 439 506 699 555; x_wconf 81' lang='lat' dir='ltr'>decoloravere</span> <span class='ocrx_word' id='word_1_24' title='bbox 718 507 850 545; x_wconf 89' lang='lat' dir='ltr'>caedes</span> <span class='ocrx_word' id='word_1_25' title='bbox 865 508 885 545; x_wconf 73' lang='grc' dir='ltr'><em>Ρ</em></span> 
     </span>
     <span class='ocr_line' id='line_1_7' title="bbox 383 560 1027 606; baseline 0 -8"><span class='ocrx_word' id='word_1_26' title='bbox 383 560 492 606; x_wconf 87' lang='lat' dir='ltr'>Quae</span> <span class='ocrx_word' id='word_1_27' title='bbox 510 566 612 599; x_wconf 87' lang='lat' dir='ltr'>caret</span> <span class='ocrx_word' id='word_1_28' title='bbox 627 573 692 598; x_wconf 87' lang='lat' dir='ltr'>ora</span> <span class='ocrx_word' id='word_1_29' title='bbox 712 574 844 599; x_wconf 89' lang='lat' dir='ltr'>cruore</span> <span class='ocrx_word' id='word_1_30' title='bbox 862 568 992 600; x_wconf 89' lang='lat' dir='ltr'>nostro</span> <span class='ocrx_word' id='word_1_31' title='bbox 1007 560 1027 598; x_wconf 71' lang='grc' dir='ltr'><em>Ρ</em></span> 
     </span>
     <span class='ocr_line' id='line_1_8' title="bbox 275 613 1030 665; baseline 0 -13"><span class='ocrx_word' id='word_1_32' title='bbox 275 613 351 652; x_wconf 86' lang='lat' dir='ltr'>Sed</span> <span class='ocrx_word' id='word_1_33' title='bbox 370 627 429 660; x_wconf 90' lang='lat' dir='ltr'>ne,</span> <span class='ocrx_word' id='word_1_34' title='bbox 450 614 604 661; x_wconf 86' lang='lat' dir='ltr'>relictis,</span> <span class='ocrx_word' id='word_1_35' title='bbox 625 615 737 653; x_wconf 90' lang='lat' dir='ltr'>Musa</span> <span class='ocrx_word' id='word_1_36' title='bbox 753 628 905 665; x_wconf 86' lang='lat' dir='ltr'>procax,</span> <span class='ocrx_word' id='word_1_37' title='bbox 921 615 1030 665; x_wconf 87' lang='lat' dir='ltr'>jocis,</span> 
     </span>
     <span class='ocr_line' id='line_1_9' title="bbox 275 668 949 707; baseline 0.001 -1"><span class='ocrx_word' id='word_1_38' title='bbox 275 668 374 706; x_wconf 86' lang='lat' dir='ltr'>Ceae</span> <span class='ocrx_word' id='word_1_39' title='bbox 391 672 573 706; x_wconf 84' lang='lat' dir='ltr'>retractes</span> <span class='ocrx_word' id='word_1_40' title='bbox 592 681 748 706; x_wconf 89' lang='lat' dir='ltr'>munera</span> <span class='ocrx_word' id='word_1_41' title='bbox 766 669 924 707; x_wconf 88' lang='lat' dir='ltr'>naeniae</span> <span class='ocrx_word' id='word_1_42' title='bbox 940 683 949 707; x_wconf 73' lang='grc' dir='ltr'>ι</span> 
     </span>
     <span class='ocr_line' id='line_1_10' title="bbox 328 722 892 761; baseline 0.002 -2"><span class='ocrx_word' id='word_1_43' title='bbox 328 722 478 759; x_wconf 84' lang='lat' dir='ltr'>Mecum</span> <span class='ocrx_word' id='word_1_44' title='bbox 498 722 673 760; x_wconf 86' lang='lat' dir='ltr'>Dionaeo</span> <span class='ocrx_word' id='word_1_45' title='bbox 692 723 762 760; x_wconf 89' lang='lat' dir='ltr'>sub</span> <span class='ocrx_word' id='word_1_46' title='bbox 781 727 892 761; x_wconf 82' lang='lat' dir='ltr'>antro</span> 
     </span>
     <span class='ocr_line' id='line_1_11' title="bbox 375 776 1013 826; baseline 0 -13"><span class='ocrx_word' id='word_1_47' title='bbox 375 776 526 821; x_wconf 80' lang='lat' dir='ltr'>Quaere</span> <span class='ocrx_word' id='word_1_48' title='bbox 544 776 677 813; x_wconf 79' lang='lat' dir='ltr'>modos</span> <span class='ocrx_word' id='word_1_49' title='bbox 695 776 836 814; x_wconf 89' lang='lat' dir='ltr'>leviore</span> <span class='ocrx_word' id='word_1_50' title='bbox 855 776 1013 826; x_wconf 80' lang='lat' dir='ltr'>plectro,</span> 
     </span>
    </p>
   </div>
   <div class='ocr_carea' id='block_1_3' title="bbox 393 864 1127 932">
    <p class='ocr_par' dir='ltr' id='par_1_3' title="bbox 393 864 1127 932">
     <span class='ocr_line' id='line_1_12' title="bbox 393 864 1127 932; baseline -0.001 -28"><span class='ocrx_word' id='word_1_51' title='bbox 393 866 484 904; x_wconf 79' lang='lat' dir='ltr'>ODE</span> <span class='ocrx_word' id='word_1_52' title='bbox 502 866 679 904; x_wconf 77' lang='lat' dir='ltr'>IL-Ad</span> <span class='ocrx_word' id='word_1_53' title='bbox 698 864 873 918; x_wconf 69' lang='lat' dir='ltr'>Cristm</span> <span class='ocrx_word' id='word_1_54' title='bbox 892 867 1127 932; x_wconf 55' lang='lat' dir='ltr'>Sallustium.</span> 
     </span>
    </p>
   </div>
   <div class='ocr_carea' id='block_1_4' title="bbox 265 946 1077 2231">
    <p class='ocr_par' dir='ltr' id='par_1_4' title="bbox 265 946 1077 2231">
     <span class='ocr_line' id='line_1_13' title="bbox 272 946 953 996; baseline 0.004 -14"><span class='ocrx_word' id='word_1_55' title='bbox 272 946 437 996; x_wconf 71' lang='lat' dir='ltr'>NULLus</span> <span class='ocrx_word' id='word_1_56' title='bbox 456 950 614 995; x_wconf 87' lang='lat' dir='ltr'>argento</span> <span class='ocrx_word' id='word_1_57' title='bbox 633 946 737 984; x_wconf 89' lang='lat' dir='ltr'>color</span> <span class='ocrx_word' id='word_1_58' title='bbox 756 951 813 985; x_wconf 89' lang='lat' dir='ltr'>est</span> <span class='ocrx_word' id='word_1_59' title='bbox 832 947 953 985; x_wconf 87' lang='lat' dir='ltr'>avaris</span> 
     </span>
     <span class='ocr_line' id='line_1_14' title="bbox 274 999 934 1047; baseline 0.002 -10"><span class='ocrx_word' id='word_1_60' title='bbox 274 999 420 1038; x_wconf 85' lang='lat' dir='ltr'>Abdito</span> <span class='ocrx_word' id='word_1_61' title='bbox 438 1000 549 1037; x_wconf 88' lang='lat' dir='ltr'>terris</span> <span class='ocrx_word' id='word_1_62' title='bbox 567 1013 577 1044; x_wconf 89' lang='lat'>;</span> <span class='ocrx_word' id='word_1_63' title='bbox 605 1000 756 1038; x_wconf 88' lang='lat' dir='ltr'>inimice</span> <span class='ocrx_word' id='word_1_64' title='bbox 774 1000 934 1047; x_wconf 88' lang='lat' dir='ltr'>lamnae,</span> 
     </span>
     <span class='ocr_line' id='line_1_15' title="bbox 271 1053 912 1104; baseline 0.003 -13"><span class='ocrx_word' id='word_1_65' title='bbox 271 1053 401 1104; x_wconf 84' lang='lat' dir='ltr'>Crispe</span> <span class='ocrx_word' id='word_1_66' title='bbox 423 1053 587 1099; x_wconf 83' lang='lat' dir='ltr'>Sallusti,</span> <span class='ocrx_word' id='word_1_67' title='bbox 610 1053 682 1090; x_wconf 88' lang='lat' dir='ltr'>nisi</span> <span class='ocrx_word' id='word_1_68' title='bbox 701 1059 912 1103; x_wconf 86' lang='lat' dir='ltr'>temperato</span> 
     </span>
     <span class='ocr_line' id='line_1_16' title="bbox 486 1107 793 1157; baseline 0.003 -13"><span class='ocrx_word' id='word_1_69' title='bbox 486 1107 692 1157; x_wconf 86' lang='lat' dir='ltr'>Splendeat</span> <span class='ocrx_word' id='word_1_70' title='bbox 710 1121 793 1145; x_wconf 88' lang='lat' dir='ltr'>usu.</span> 
     </span>
     <span class='ocr_line' id='line_1_17' title="bbox 272 1161 917 1207; baseline 0.002 -9"><span class='ocrx_word' id='word_1_71' title='bbox 272 1162 386 1199; x_wconf 81' lang='lat' dir='ltr'>Vivet</span> <span class='ocrx_word' id='word_1_72' title='bbox 405 1167 560 1199; x_wconf 77' lang='lat' dir='ltr'>extento</span> <span class='ocrx_word' id='word_1_73' title='bbox 576 1161 793 1199; x_wconf 86' lang='lat' dir='ltr'>Proculeius</span> <span class='ocrx_word' id='word_1_74' title='bbox 813 1174 917 1207; x_wconf 84' lang='lat' dir='ltr'>aevo,</span> 
     </span>
     <span class='ocr_line' id='line_1_18' title="bbox 272 1215 933 1264; baseline 0.002 -12"><span class='ocrx_word' id='word_1_75' title='bbox 272 1215 398 1254; x_wconf 90' lang='lat' dir='ltr'>Notus</span> <span class='ocrx_word' id='word_1_76' title='bbox 411 1215 451 1252; x_wconf 92' lang='lat' dir='ltr'>in</span> <span class='ocrx_word' id='word_1_77' title='bbox 470 1215 604 1253; x_wconf 86' lang='lat' dir='ltr'>fratres</span> <span class='ocrx_word' id='word_1_78' title='bbox 624 1215 738 1252; x_wconf 85' lang='lat' dir='ltr'>animi</span> <span class='ocrx_word' id='word_1_79' title='bbox 757 1215 907 1264; x_wconf 87' lang='lat' dir='ltr'>paterni</span> <span class='ocrx_word' id='word_1_80' title='bbox 923 1229 933 1253; x_wconf 76' lang='grc' dir='ltr'><strong>ε</strong></span> 
     </span>
     <span class='ocr_line' id='line_1_19' title="bbox 275 1269 966 1318; baseline -0.001 -11"><span class='ocrx_word' id='word_1_81' title='bbox 275 1269 388 1307; x_wconf 90' lang='lat' dir='ltr'>Illum</span> <span class='ocrx_word' id='word_1_82' title='bbox 408 1274 497 1318; x_wconf 85' lang='lat' dir='ltr'>aget</span> <span class='ocrx_word' id='word_1_83' title='bbox 515 1281 640 1318; x_wconf 87' lang='lat' dir='ltr'>penna</span> <span class='ocrx_word' id='word_1_84' title='bbox 658 1273 853 1307; x_wconf 86' lang='lat' dir='ltr'>metuente</span> <span class='ocrx_word' id='word_1_85' title='bbox 872 1269 966 1307; x_wconf 89' lang='lat' dir='ltr'>solvi</span> 
     </span>
     <span class='ocr_line' id='line_1_20' title="bbox 488 1322 827 1372; baseline 0 -14"><span class='ocrx_word' id='word_1_86' title='bbox 488 1322 604 1359; x_wconf 88' lang='lat' dir='ltr'>Fama</span> <span class='ocrx_word' id='word_1_87' title='bbox 622 1328 827 1372; x_wconf 84' lang='lat' dir='ltr'>superstes.</span> 
     </span>
     <span class='ocr_line' id='line_1_21' title="bbox 276 1375 944 1425; baseline -0.001 -11"><span class='ocrx_word' id='word_1_88' title='bbox 276 1375 409 1415; x_wconf 86' lang='lat' dir='ltr'>Latius</span> <span class='ocrx_word' id='word_1_89' title='bbox 428 1388 563 1425; x_wconf 85' lang='lat' dir='ltr'>regnes</span> <span class='ocrx_word' id='word_1_90' title='bbox 582 1376 732 1413; x_wconf 82' lang='lat' dir='ltr'>avidum</span> <span class='ocrx_word' id='word_1_91' title='bbox 754 1375 944 1413; x_wconf 87' lang='lat' dir='ltr'>domando</span> 
     </span>
     <span class='ocr_line' id='line_1_22' title="bbox 265 1429 1000 1479; baseline 0 -12"><span class='ocrx_word' id='word_1_92' title='bbox 265 1430 460 1479; x_wconf 89' lang='lat' dir='ltr'>Spiritum,</span> <span class='ocrx_word' id='word_1_93' title='bbox 481 1442 594 1478; x_wconf 87' lang='lat' dir='ltr'>quam</span> <span class='ocrx_word' id='word_1_94' title='bbox 615 1429 645 1466; x_wconf 90' lang='lat' dir='ltr'>si</span> <span class='ocrx_word' id='word_1_95' title='bbox 665 1429 827 1479; x_wconf 89' lang='lat' dir='ltr'>Libyam</span> <span class='ocrx_word' id='word_1_96' title='bbox 845 1429 1000 1468; x_wconf 83' lang='lat' dir='ltr'>remotis</span> 
     </span>
     <span class='ocr_line' id='line_1_23' title="bbox 271 1482 1018 1532; baseline -0.001 -11"><span class='ocrx_word' id='word_1_97' title='bbox 271 1483 444 1521; x_wconf 85' lang='lat' dir='ltr'>Gadibus</span> <span class='ocrx_word' id='word_1_98' title='bbox 458 1483 613 1532; x_wconf 85' lang='lat' dir='ltr'>jungas,</span> <span class='ocrx_word' id='word_1_99' title='bbox 627 1490 667 1520; x_wconf 91' lang='lat' dir='ltr'>et</span> <span class='ocrx_word' id='word_1_100' title='bbox 685 1490 847 1532; x_wconf 90' lang='lat' dir='ltr'>uterque</span> <span class='ocrx_word' id='word_1_101' title='bbox 866 1482 1018 1521; x_wconf 90' lang='lat' dir='ltr'>Poenus</span> 
     </span>
     <span class='ocr_line' id='line_1_24' title="bbox 485 1535 729 1574; baseline 0.004 -1"><span class='ocrx_word' id='word_1_102' title='bbox 485 1535 630 1574; x_wconf 81' lang='lat' dir='ltr'>Serviat</span> <span class='ocrx_word' id='word_1_103' title='bbox 650 1536 729 1574; x_wconf 88' lang='lat' dir='ltr'>uni.</span> 
     </span>
     <span class='ocr_line' id='line_1_25' title="bbox 276 1589 1077 1640; baseline 0 -13"><span class='ocrx_word' id='word_1_104' title='bbox 276 1590 421 1628; x_wconf 82' lang='lat' dir='ltr'>Crescit</span> <span class='ocrx_word' id='word_1_105' title='bbox 441 1590 644 1639; x_wconf 86' lang='lat' dir='ltr'>indulgens</span> <span class='ocrx_word' id='word_1_106' title='bbox 663 1590 735 1627; x_wconf 88' lang='lat' dir='ltr'>sibi</span> <span class='ocrx_word' id='word_1_107' title='bbox 754 1590 859 1628; x_wconf 90' lang='lat' dir='ltr'>dirus</span> <span class='ocrx_word' id='word_1_108' title='bbox 876 1589 1047 1640; x_wconf 88' lang='lat' dir='ltr'>hydrops</span> <span class='ocrx_word' id='word_1_109' title='bbox 1068 1604 1077 1628; x_wconf 77' lang='grc' dir='ltr'>ε</span> 
     </span>
     <span class='ocr_line' id='line_1_26' title="bbox 268 1644 976 1692; baseline 0.001 -11"><span class='ocrx_word' id='word_1_110' title='bbox 268 1644 350 1682; x_wconf 89' lang='lat' dir='ltr'>Nec</span> <span class='ocrx_word' id='word_1_111' title='bbox 371 1644 471 1682; x_wconf 85' lang='lat' dir='ltr'>sitim</span> <span class='ocrx_word' id='word_1_112' title='bbox 491 1645 610 1692; x_wconf 88' lang='lat' dir='ltr'>pellit,</span> <span class='ocrx_word' id='word_1_113' title='bbox 632 1644 703 1681; x_wconf 81' lang='lat' dir='ltr'>nisi</span> <span class='ocrx_word' id='word_1_114' title='bbox 723 1656 834 1681; x_wconf 88' lang='lat' dir='ltr'>causa</span> <span class='ocrx_word' id='word_1_115' title='bbox 851 1644 976 1682; x_wconf 90' lang='lat' dir='ltr'>morbi</span> 
     </span>
     <span class='ocr_line' id='line_1_27' title="bbox 268 1697 908 1747; baseline 0 -12"><span class='ocrx_word' id='word_1_116' title='bbox 268 1698 426 1747; x_wconf 86' lang='lat' dir='ltr'>Fugerit</span> <span class='ocrx_word' id='word_1_117' title='bbox 445 1698 562 1744; x_wconf 87' lang='lat' dir='ltr'>venis,</span> <span class='ocrx_word' id='word_1_118' title='bbox 582 1704 620 1736; x_wconf 86' lang='lat' dir='ltr'>et</span> <span class='ocrx_word' id='word_1_119' title='bbox 639 1711 801 1747; x_wconf 85' lang='lat' dir='ltr'>aquosus</span> <span class='ocrx_word' id='word_1_120' title='bbox 821 1697 908 1735; x_wconf 89' lang='lat' dir='ltr'>albo</span> 
     </span>
     <span class='ocr_line' id='line_1_28' title="bbox 486 1751 846 1801; baseline -0.003 -12"><span class='ocrx_word' id='word_1_121' title='bbox 486 1751 655 1801; x_wconf 90' lang='lat' dir='ltr'>Corpore</span> <span class='ocrx_word' id='word_1_122' title='bbox 672 1752 846 1800; x_wconf 82' lang='lat' dir='ltr'>languor.</span> 
     </span>
     <span class='ocr_line' id='line_1_29' title="bbox 270 1805 926 1855; baseline 0 -13"><span class='ocrx_word' id='word_1_123' title='bbox 270 1805 481 1843; x_wconf 81' lang='lat' dir='ltr'>Redditum</span> <span class='ocrx_word' id='word_1_124' title='bbox 502 1805 594 1855; x_wconf 85' lang='lat' dir='ltr'>Cyri</span> <span class='ocrx_word' id='word_1_125' title='bbox 612 1805 706 1843; x_wconf 90' lang='lat' dir='ltr'>solio</span> <span class='ocrx_word' id='word_1_126' title='bbox 726 1805 926 1850; x_wconf 84' lang='lat' dir='ltr'>Phraaten,</span> 
     </span>
     <span class='ocr_line' id='line_1_30' title="bbox 268 1859 995 1908; baseline 0 -12"><span class='ocrx_word' id='word_1_127' title='bbox 268 1859 468 1896; x_wconf 89' lang='lat' dir='ltr'>Dissidens</span> <span class='ocrx_word' id='word_1_128' title='bbox 488 1859 600 1908; x_wconf 84' lang='lat' dir='ltr'>plebi,</span> <span class='ocrx_word' id='word_1_129' title='bbox 621 1871 779 1896; x_wconf 90' lang='lat' dir='ltr'>numero</span> <span class='ocrx_word' id='word_1_130' title='bbox 798 1859 995 1897; x_wconf 86' lang='lat' dir='ltr'>beatorum</span> 
     </span>
     <span class='ocr_line' id='line_1_31' title="bbox 271 1911 967 1962; baseline 0.001 -13"><span class='ocrx_word' id='word_1_131' title='bbox 271 1912 414 1951; x_wconf 85' lang='lat' dir='ltr'>Eximit</span> <span class='ocrx_word' id='word_1_132' title='bbox 434 1912 577 1957; x_wconf 87' lang='lat' dir='ltr'>Virtus,</span> <span class='ocrx_word' id='word_1_133' title='bbox 594 1912 852 1962; x_wconf 83' lang='lat' dir='ltr'>populumque</span> <span class='ocrx_word' id='word_1_134' title='bbox 865 1911 967 1950; x_wconf 85' lang='lat' dir='ltr'>falsis</span> 
     </span>
     <span class='ocr_line' id='line_1_32' title="bbox 481 1965 731 2004; baseline 0 -2"><span class='ocrx_word' id='word_1_135' title='bbox 481 1965 656 2004; x_wconf 88' lang='lat' dir='ltr'>Dedocet</span> <span class='ocrx_word' id='word_1_136' title='bbox 674 1965 731 2003; x_wconf 92' lang='lat' dir='ltr'>uti</span> 
     </span>
     <span class='ocr_line' id='line_1_33' title="bbox 266 2018 1049 2068; baseline 0 -12"><span class='ocrx_word' id='word_1_137' title='bbox 266 2019 435 2057; x_wconf 86' lang='lat' dir='ltr'>Vocibus</span> <span class='ocrx_word' id='word_1_138' title='bbox 455 2033 464 2064; x_wconf 79' lang='lat'><em>3</em></span> <span class='ocrx_word' id='word_1_139' title='bbox 495 2032 655 2068; x_wconf 89' lang='lat' dir='ltr'>regnum</span> <span class='ocrx_word' id='word_1_140' title='bbox 671 2023 710 2056; x_wconf 84' lang='lat' dir='ltr'>et</span> <span class='ocrx_word' id='word_1_141' title='bbox 729 2018 903 2056; x_wconf 87' lang='lat' dir='ltr'>diadema</span> <span class='ocrx_word' id='word_1_142' title='bbox 920 2022 1049 2057; x_wconf 80' lang='lat' dir='ltr'>tutum</span> 
     </span>
     <span class='ocr_line' id='line_1_34' title="bbox 269 2073 1016 2123; baseline -0.003 -12"><span class='ocrx_word' id='word_1_143' title='bbox 269 2073 454 2111; x_wconf 87' lang='lat' dir='ltr'>Deferens</span> <span class='ocrx_word' id='word_1_144' title='bbox 474 2074 551 2119; x_wconf 92' lang='lat' dir='ltr'>uni,</span> <span class='ocrx_word' id='word_1_145' title='bbox 573 2073 838 2123; x_wconf 86' lang='lat' dir='ltr'>propriamque</span> <span class='ocrx_word' id='word_1_146' title='bbox 856 2073 1016 2118; x_wconf 88' lang='lat' dir='ltr'>laurum,</span> 
     </span>
     <span class='ocr_line' id='line_1_35' title="bbox 266 2126 968 2178; baseline 0 -13"><span class='ocrx_word' id='word_1_147' title='bbox 266 2127 448 2178; x_wconf 81' lang='lat' dir='ltr'>Quisquis</span> <span class='ocrx_word' id='word_1_148' title='bbox 465 2127 641 2176; x_wconf 86' lang='lat' dir='ltr'>ingentes</span> <span class='ocrx_word' id='word_1_149' title='bbox 661 2126 770 2164; x_wconf 89' lang='lat' dir='ltr'>oculo</span> <span class='ocrx_word' id='word_1_150' title='bbox 788 2126 968 2165; x_wconf 88' lang='lat' dir='ltr'>irretorto</span> 
     </span>
     <span class='ocr_line' id='line_1_36' title="bbox 485 2181 825 2231; baseline -0.009 -11"><span class='ocrx_word' id='word_1_151' title='bbox 485 2181 641 2231; x_wconf 87' lang='lat' dir='ltr'>Spectat</span> <span class='ocrx_word' id='word_1_152' title='bbox 660 2192 825 2218; x_wconf 87' lang='lat' dir='ltr'>acervos.</span> 
     </span>
    </p>
   </div>
   <div class='ocr_carea' id='block_1_5' title="bbox 501 2270 1011 2311">
    <p class='ocr_par' dir='ltr' id='par_1_5' title="bbox 501 2270 1011 2311">
     <span class='ocr_line' id='line_1_37' title="bbox 501 2270 1011 2311; baseline -0.004 0"><span class='ocrx_word' id='word_1_153' title='bbox 501 2272 591 2311; x_wconf 84' lang='lat' dir='ltr'>ODE</span> <span class='ocrx_word' id='word_1_154' title='bbox 611 2271 811 2311; x_wconf 80' lang='lat' dir='ltr'>111.-Ad</span> <span class='ocrx_word' id='word_1_155' title='bbox 826 2270 1011 2311; x_wconf 81' lang='lat' dir='ltr'>Dellium.</span> 
     </span>
    </p>
   </div>
   <div class='ocr_carea' id='block_1_6' title="bbox 265 2339 1028 2500">
    <p class='ocr_par' dir='ltr' id='par_1_6' title="bbox 265 2339 1028 2500">
     <span class='ocr_line' id='line_1_38' title="bbox 265 2339 982 2385; baseline 0 -7"><span class='ocrx_word' id='word_1_156' title='bbox 265 2340 443 2385; x_wconf 78' lang='lat' dir='ltr'><strong>AEQUAM</strong></span> <span class='ocrx_word' id='word_1_157' title='bbox 461 2345 651 2380; x_wconf 88' lang='lat' dir='ltr'>memento</span> <span class='ocrx_word' id='word_1_158' title='bbox 669 2341 782 2379; x_wconf 86' lang='lat' dir='ltr'>rebus</span> <span class='ocrx_word' id='word_1_159' title='bbox 799 2339 841 2377; x_wconf 86' lang='lat' dir='ltr'>in</span> <span class='ocrx_word' id='word_1_160' title='bbox 855 2339 982 2378; x_wconf 82' lang='lat' dir='ltr'>arduis</span> 
     </span>
     <span class='ocr_line' id='line_1_39' title="bbox 266 2393 1028 2441; baseline -0.001 -8"><span class='ocrx_word' id='word_1_161' title='bbox 266 2393 424 2433; x_wconf 87' lang='lat' dir='ltr'>Servare</span> <span class='ocrx_word' id='word_1_162' title='bbox 443 2399 620 2441; x_wconf 88' lang='lat' dir='ltr'>mentem,</span> <span class='ocrx_word' id='word_1_163' title='bbox 641 2407 719 2432; x_wconf 89' lang='lat' dir='ltr'>non</span> <span class='ocrx_word' id='word_1_164' title='bbox 737 2405 844 2432; x_wconf 86' lang='lat' dir='ltr'>secus</span> <span class='ocrx_word' id='word_1_165' title='bbox 860 2393 901 2430; x_wconf 89' lang='lat' dir='ltr'>in</span> <span class='ocrx_word' id='word_1_166' title='bbox 920 2394 1028 2436; x_wconf 79' lang='lat' dir='ltr'>bonis</span> 
     </span>
     <span class='ocr_line' id='line_1_40' title="bbox 321 2447 846 2500; baseline 0 -14"><span class='ocrx_word' id='word_1_167' title='bbox 321 2448 385 2486; x_wconf 91' lang='lat' dir='ltr'>Ab</span> <span class='ocrx_word' id='word_1_168' title='bbox 402 2447 580 2490; x_wconf 86' lang='lat' dir='ltr'>insolenti</span> <span class='ocrx_word' id='word_1_169' title='bbox 599 2452 846 2500; x_wconf 82' lang='lat' dir='ltr'>temperatam</span> 
     </span>
    </p>
   </div>
   <div class='ocr_carea' id='block_1_7' title="bbox 1301 504 1354 543">
    <p class='ocr_par' dir='ltr' id='par_1_7' title="bbox 1301 504 1354 543">
     <span class='ocr_line' id='line_1_41' title="bbox 1301 504 1354 543; baseline 0 0"><span class='ocrx_word' id='word_1_170' title='bbox 1301 504 1354 543; x_wconf 88' lang='lat'>35</span> 
     </span>
    </p>
   </div>
   <div class='ocr_carea' id='block_1_8' title="bbox 1300 774 1352 811">
    <p class='ocr_par' dir='ltr' id='par_1_8' title="bbox 1300 774 1352 811">
     <span class='ocr_line' id='line_1_42' title="bbox 1300 774 1352 811; baseline 0 0"><span class='ocrx_word' id='word_1_171' title='bbox 1300 774 1352 811; x_wconf 78' lang='lat'>40</span> 
     </span>
    </p>
   </div>
   <div class='ocr_carea' id='block_1_9' title="bbox 1295 1428 1346 1465">
    <p class='ocr_par' dir='ltr' id='par_1_9' title="bbox 1295 1428 1346 1465">
     <span class='ocr_line' id='line_1_43' title="bbox 1295 1428 1346 1465; baseline 0 0"><span class='ocrx_word' id='word_1_172' title='bbox 1295 1428 1346 1465; x_wconf 81' lang='lat'>10</span> 
     </span>
    </p>
   </div>
   <div class='ocr_carea' id='block_1_10' title="bbox 1299 1966 1351 2003">
    <p class='ocr_par' dir='ltr' id='par_1_10' title="bbox 1299 1966 1351 2003">
     <span class='ocr_line' id='line_1_44' title="bbox 1299 1966 1351 2003; baseline 0.019 -1"><span class='ocrx_word' id='word_1_173' title='bbox 1299 1966 1351 2003; x_wconf 84' lang='lat'>20</span> 
     </span>
    </p>
   </div>
  </div>
 </body>
</html>
