1475 2712
105 191 150 242 1.]
634 201 758 228 msn.
1277 190 1298 229 7

107 297 251 343 Cernis,
272 297 437 336 odoratis
457 302 500 336 ut
519 297 643 335 luceat
663 297 815 345 ignibus
835 297 963 343 aether,
1240 298 1290 337 75

159 350 211 388 Et
226 356 336 389 sonet
355 352 521 389 accensis
539 351 640 400 spica
659 351 791 388 Cilissa
809 351 900 388 focis
914 351 934 389 ?

107 403 274 442 Flamma
293 405 415 442 nitore
433 417 499 442 suo
519 404 742 453 templorum
762 405 934 442 verberat
953 416 1095 448 aurum,

160 456 211 495 Et
230 458 431 495 tremulum
450 470 592 495 summa
611 458 754 506 spargit
772 457 811 494 in
831 458 912 494 aede
924 457 1053 507 jubar.

107 510 286 549 Vestibus
305 512 455 549 intactis
477 511 656 560 Tarpeias
675 511 752 548 itur
769 511 807 547 in
825 524 927 548 arces
947 525 956 548 z

158 564 209 602 Et
227 565 386 614 populus
405 565 500 602 festo
520 564 695 601 concolor
716 565 796 613 ipse
813 577 881 601 suo
901 570 969 601 est.
1239 563 1289 600 80

106 617 267 666 Jamque
285 618 373 655 novi
392 623 562 667 praeeunt
581 618 721 654 fasces:
751 630 848 654 nova
864 630 1029 667 purpura
1049 617 1163 665 fulget
1181 631 1188 654 :

160 671 211 709 Et
231 684 327 708 nova
346 672 589 720 conspicuum
608 671 779 720 pondera
800 671 915 708 sentit
935 672 1039 708 ebur.

108 724 214 762 Colla
233 725 344 762 rudes
365 738 519 774 operum
538 726 709 774 praebent
728 724 895 761 ferienda
905 723 1070 772 juvenci,

161 778 266 823 Quos
286 779 378 816 aluit
397 779 534 828 campis
554 779 669 815 herba
689 777 833 814 Falisca
852 778 940 814 suis.

107 831 272 880 Jupiter,
293 845 377 869 arce
395 845 461 869 sua
480 837 602 870 totum
623 845 706 868 cum
727 836 869 880 spectet
882 831 921 867 in
937 831 1078 877 orbem,

155 885 221 921 Nil
240 885 311 921 nisi
332 885 556 930 Romanum,
579 885 680 934 quod
699 889 865 930 tueatur,
886 884 1014 922 habet.

109 938 229 984 Salve,
250 938 337 976 laeta
357 940 448 985 dies,
469 939 671 986 meliorque
689 944 876 976 revertere
895 951 1049 988 semper,

162 993 196 1028 A
216 993 354 1041 populo
374 1006 497 1029 rerum
517 993 634 1041 digna
653 997 809 1041 potente
828 991 911 1028 coli.

110 1044 233 1090 Quem
251 1050 377 1083 tamen
393 1058 472 1083 esse
487 1047 598 1083 deum
618 1052 656 1083 te
675 1046 806 1090 dicam,
828 1045 853 1082 J
856 1058 926 1082 ane
944 1045 1110 1083 biformis
1130 1046 1149 1083 Ρ

160 1099 258 1135 Nam
273 1099 342 1136 tibi
362 1113 428 1148 par
447 1100 592 1136 nullum
614 1099 761 1136 Graecia
775 1111 913 1135 numen
931 1098 1058 1137 habet.
1239 1099 1289 1137 90

110 1151 192 1188 Ede
212 1152 320 1188 simul
340 1166 500 1198 causam,
521 1166 587 1190 cur
602 1153 649 1190 de
668 1153 880 1190 coelestibus
899 1165 996 1189 unus

163 1205 294 1254 Sitque
313 1206 413 1254 quod
433 1219 454 1243 a
472 1212 592 1255 tergo,
613 1207 735 1255 sitque
755 1206 855 1255 quod
875 1210 974 1250 ante,
996 1205 1110 1243 vides.

108 1257 204 1296 Haec
223 1272 293 1307 ego
313 1272 395 1296 cum
417 1260 547 1296 sumtis
567 1260 747 1308 agitarem
767 1264 892 1296 mente
912 1259 1071 1304 tabellis,

162 1312 340 1349 Lucidior
359 1313 437 1350 visa
456 1318 524 1357 est,
540 1325 650 1362 quam
669 1313 741 1349 fuit
756 1317 854 1357 ante,
876 1312 1020 1350 domus.

112 1365 209 1403 Tum
229 1379 343 1412 sacer,
364 1367 518 1416 ancipiti
538 1367 729 1403 mirandus
749 1366 925 1414 imagine,
940 1365 1061 1403 Janus
1237 1367 1287 1405 95

163 1419 259 1456 Bina
277 1432 409 1469 repens
429 1421 545 1457 oculis
565 1420 702 1458 obtulit
717 1432 782 1456 ora
800 1419 904 1456 meis.

110 1472 310 1522 Obstupui,
333 1474 504 1523 sensique
521 1479 624 1511 metu
639 1473 797 1522 riguisse
815 1472 978 1521 capillos,

164 1525 215 1564 Et
233 1527 398 1575 gelidum
420 1528 544 1565 subito
563 1527 696 1575 frigore
715 1531 844 1576 pectus
863 1530 954 1564 erat.

110 1579 178 1617 Ille
197 1585 330 1617 tenens
349 1580 482 1618 dextra
502 1581 687 1626 baculum,
708 1580 925 1629 clavemque
940 1579 1100 1626 sinistra,

164 1633 297 1672 Edidit
315 1634 382 1671 hos
398 1635 505 1671 nobis
525 1647 589 1671 ore
608 1635 731 1684 priore
749 1646 860 1670 sonos
877 1647 885 1670 :
1211 1635 1288 1673 100

111 1686 237 1732 Disce,
258 1692 361 1725 metu
382 1688 514 1737 posito,
536 1693 640 1726 vates
660 1699 815 1736 operose
834 1687 990 1732 dierum,

164 1740 278 1785 Quod
296 1741 402 1790 petis,
425 1747 462 1779 et
483 1754 591 1778 voces
606 1741 756 1791 percipe
770 1745 898 1778 mente
916 1753 1030 1778 meas.

110 1793 174 1830 Me
195 1793 317 1831 Chaos
336 1795 478 1842 antiqui
499 1794 604 1844 (nam
623 1808 681 1832 res
700 1807 780 1831 Sum
800 1792 936 1845 prisca)
959 1794 1143 1833 vocabant
1161 1808 1168 1832 :

166 1848 341 1897 Adspice,
361 1860 470 1896 quani
490 1849 594 1897 longi
614 1848 790 1896 temporis
810 1852 893 1885 acta
912 1860 1054 1885 canam.

108 1900 275 1938 Lucidus
293 1902 354 1939 hic
373 1914 446 1946 aer,
468 1908 517 1947 et,
534 1913 615 1950 quae
636 1902 709 1939 tria
727 1913 882 1950 corpora
899 1905 1056 1946 restant,
1211 1902 1286 1940 105

164 1954 278 2003 Ignis,
299 1967 416 2003 aquae,
436 1956 558 2001 tellus,
581 1968 676 1992 unus
695 1967 849 1991 acervus
868 1959 987 1992 erant.

113 2007 167 2045 Ut
186 2009 299 2045 semel
318 2009 397 2046 hoec
416 2021 540 2046 rerum
560 2008 710 2046 secessit
728 2008 796 2045 lite
815 2020 977 2053 suarum,

163 2060 282 2110 Inque
300 2074 414 2099 novas
434 2063 525 2100 abiit
544 2075 663 2099 massa
682 2061 803 2098 soluta
822 2061 952 2098 domos
968 2075 976 2105 3

112 2113 278 2151 Flamma
295 2116 390 2164 petit
410 2115 527 2152 altum
546 2129 555 2158 ;
584 2116 735 2164 propior
753 2115 857 2151 locus
876 2128 961 2152 aera
980 2117 1079 2166 cepit
1099 2131 1107 2160 ;

165 2168 352 2206 Sederunt
371 2169 494 2206 medio
514 2174 614 2206 terra
632 2169 845 2217 fretumque
859 2168 950 2205 solo.
1210 2170 1287 2207 110

112 2220 221 2259 Tunc
240 2234 321 2270 ego,
343 2223 405 2271 qui
419 2223 560 2259 fueram
578 2222 724 2270 globus,
752 2226 791 2258 et
805 2221 884 2258 sine
898 2221 1062 2271 imagine
1080 2223 1206 2269 moles,

165 2274 211 2311 In
229 2275 359 2312 faciem
379 2276 471 2313 redii
491 2276 678 2324 dignaque
696 2275 864 2311 membra
883 2274 965 2312 deo.

111 2327 225 2365 Nunc
245 2342 404 2378 quoque,
425 2329 586 2366 confusae
606 2328 793 2377 quondam
814 2332 904 2365 nota
921 2341 1036 2377 parva
1051 2329 1193 2378 figurae,

166 2382 269 2420 Ante
288 2383 389 2431 quod
405 2387 461 2420 est
479 2383 518 2419 in
537 2396 607 2428 me,
628 2386 787 2432 postque
799 2381 949 2419 videtur
966 2382 1079 2420 idem.

112 2436 263 2486 Accipe,
284 2437 450 2485 quaesitae
468 2448 550 2485 quae
570 2449 681 2474 causa
699 2435 748 2474 sit
765 2434 883 2473 altera
901 2435 1026 2473 formae
1043 2448 1052 2473 :
1209 2436 1285 2473 115

1239 833 1262 869 ’Ὦ

1267 833 1288 868 Q!
