1475 2712
541 189 750 217 GARMINUM
769 190 812 215 11.

192 284 353 324 Telluris
365 285 534 335 juvenes,
555 285 657 322 unde
670 285 875 334 periculum

298 339 463 388 Fulgens
481 339 708 376 contremuit
726 338 860 376 domus

192 391 347 430 Saturni
363 392 498 431 veteris
514 405 522 429 :
554 397 671 441 tuque
690 392 925 441 pedestribus

188 445 304 483 Dices
323 445 486 492 historiis
504 445 645 494 proelia
666 445 845 491 Caesaris,

191 498 400 545 Maecenas,
420 498 563 545 melius,
584 499 771 548 ductaque
790 512 856 548 per
875 501 954 538 vias

294 552 444 601 Regum
463 552 558 589 colla
575 553 814 591 minantium.

190 605 255 643 Me
272 606 399 643 dulces
418 606 592 643 dominae
610 619 716 644 musa
735 606 955 656 Licymniae

193 658 347 704 Cantus,
368 672 427 696 me
445 659 565 698 voluit
585 659 708 697 dicere
726 660 893 697 lucidum

193 711 398 762 Fulgentes
417 713 554 759 oculos,
575 718 613 751 et
630 713 726 750 bene
745 714 885 751 mutuis

294 766 431 804 Fidum
449 771 580 815 pectus
600 767 787 804 amoribus
804 781 812 805 :

194 819 318 864 Quam
337 820 520 871 nec-ferre
538 820 671 870 pedem
690 821 866 859 dedecuit
885 821 1018 867 choris,

192 873 274 910 Nec
294 878 438 912 certare
451 874 552 924 joco,
573 887 642 911 nec
662 874 752 911 dare
770 875 922 912 brachia

192 926 407 965 Ludentem
427 928 558 966 nitidis
578 928 798 977 virginibus,
817 941 922 966 sacro

295 980 441 1018 Dianae
462 981 617 1019 celebris
636 982 712 1018 die.

189 1032 292 1070 Num
312 1039 366 1079 tn,
388 1047 483 1083 quae
503 1035 626 1072 tenuit
654 1035 758 1072 dives
777 1035 1044 1081 Achaemenes,

191 1086 272 1125 Aut
290 1087 441 1136 pinguis
461 1088 649 1138 Phrygiae
670 1089 898 1138 Mygdonias
916 1101 1016 1139 opes,

192 1139 413 1178 Permutare
431 1142 522 1178 velis
541 1142 644 1179 crine
664 1142 895 1192 Licymniae,

298 1193 430 1231 Plenas
449 1200 515 1233 aut
534 1196 705 1232 Arabum
725 1196 856 1233 domos
875 1197 896 1233 ἶ)

191 1246 296 1284 Dum
318 1247 518 1296 flagrantia
536 1248 736 1297 detorquet
756 1249 804 1286 ad
823 1250 949 1287 oscula

194 1300 397 1347 Cervicem,
427 1307 493 1340 aut
511 1302 611 1340 facili
631 1303 784 1340 saevitia
803 1310 929 1352 negat,

194 1354 301 1400 Quae
319 1361 497 1404 poscente
515 1356 633 1404 magis
652 1356 817 1405 gaudeat
837 1357 941 1406 eripi,

295 1408 491 1462 Interdum
509 1422 640 1459 rapere
659 1415 831 1460 occupat.

341 1499 430 1538 ODE
450 1500 664 1538 xlm-In
681 1501 838 1539 Arboris
861 1500 1009 1541 Casum.

193 1576 287 1614 ILLE
306 1586 344 1616 et
362 1578 507 1617 nefasto
526 1584 566 1617 te
584 1579 710 1628 posuit
729 1579 801 1624 die,

193 1630 420 1681 Quicunque
438 1633 610 1682 primum,
632 1638 670 1670 et
690 1633 870 1682 sacrilega
889 1646 1003 1670 manu

244 1684 442 1731 Produxit‚
463 1687 583 1731 arbos,
605 1687 643 1722 in
663 1691 842 1736 nepotum

294 1739 518 1785 Perniciem,
533 1740 850 1789 opprobriumque
869 1741 968 1789 pagi.

196 1790 306 1829 Illum
326 1797 364 1831 et
382 1793 548 1842 parentis
568 1793 790 1831 crediderim
809 1794 865 1831 sui

192 1844 365 1895 Fregisse
384 1846 576 1892 cervicem,
594 1851 632 1885 et
651 1846 858 1895 penetralia

246 1900 431 1949 Sparsisse
449 1905 636 1938 nocturno
655 1913 787 1937 cruore

298 1953 472 2003 Hospitis
488 1968 496 1991 :
526 1953 589 1991 ille
607 1966 752 1991 venena
772 1953 924 1999 Colcha,

203 2007 254 2046 Et
273 2007 457 2058 quidquid
475 2020 632 2057 usquam
652 2007 862 2057 concipitur
882 2008 999 2054 nefas,

195 2061 399 2107 Tractzwit,
421 2074 512 2110 agro
531 2061 595 2110 qui
613 2061 745 2099 statuit
764 2074 847 2098 meo

303 2115 358 2152 Te
377 2115 485 2153 triste
498 2115 656 2163 lignum,
677 2120 715 2153 te
735 2115 916 2152 caducum

248 2168 295 2205 In
313 2168 456 2205 domini
474 2173 587 2217 caput
605 2168 847 2206 immerentis.

197 2221 302 2268 Quid
320 2221 477 2271 quisque
495 2221 601 2266 vitet,
623 2234 815 2270 nunquam
836 2221 977 2258 homini
997 2222 1085 2259 satis

197 2277 362 2314 Cautum
380 2282 448 2321 est,
468 2275 508 2312 in
526 2274 651 2311 horas.
706 2275 846 2313 Navita
868 2274 1077 2324 Bosporum

250 2329 400 2366 Poenus
419 2328 679 2379 perhorrescit,
700 2341 822 2377 neque
841 2328 942 2366 ultra.

305 2382 426 2420 Caeca
442 2382 552 2420 timet
564 2381 716 2419 aliunde
734 2381 834 2425 fata;

195 2436 306 2474 Miles
325 2436 480 2485 sagittas
497 2440 536 2475 et
555 2435 715 2474 celerem
734 2434 860 2484 fugam

1215 449 1265 485 10

1221 2061 1270 2098 10
