1414 2666
113 170 159 205 10
403 170 447 206 P.
480 169 728 208 VIRGILII
759 171 1019 210 MARONIS
1190 171 1300 224 [Lm.

164 274 317 312 Semina
338 276 418 313 vidi
438 277 613 324 equidem
634 278 774 315 multos
793 278 984 315 medicare
1010 284 1190 324 serentes,

107 327 160 364 Et
181 329 283 366 nitro
305 330 411 377 prius
433 337 472 366 et
491 330 603 377 nigra
622 331 854 378 perfundere
873 344 1029 369 amurca
1049 345 1058 368 :

108 380 307 419 Grandior
327 391 370 419 ut
391 382 493 420 fetus
513 384 660 430 siliquis
679 384 880 422 fallacibus
900 391 1011 429 esset,
1224 387 1298 424 195

107 434 172 478 Et,
196 437 370 482 quamvis
388 437 469 484 igni
491 437 647 485 exiguo,
669 445 874 486 properata
893 439 1104 475 maderent.

107 488 202 524 Vidi
225 489 322 526 lecta
343 490 407 526 diu
430 497 468 526 et
488 491 608 526 multo
628 497 799 538 spectata
819 492 947 529 labore

108 541 357 589 Degenerare
378 549 518 588 tamen,
539 544 580 579 ni
601 545 661 580 vis
681 545 847 582 humana
865 545 1072 593 quotannis

107 594 283 633 Maxima
303 608 460 644 quaeque
481 610 594 633 manu
615 597 761 646 legeret
781 613 790 642 3
812 599 865 635 sic
885 599 1013 635 omnia
1032 598 1122 635 satis

106 647 154 683 Ju
176 650 287 701 pejus
308 663 430 694 ruere,
453 663 496 687 ac
515 658 619 691 retro
639 652 818 700 sublapsa
839 651 975 688 referri
996 666 1006 695 3
1221 653 1301 688 ‘200

104 700 196 740 Non
216 703 340 747 aliter,
362 714 475 750 quam
495 704 560 752 qui
582 704 741 741 adverso
757 706 825 740 vix
844 705 1003 741 flumine
1022 705 1191 742 lembum

105 754 297 805 Remigiis
318 757 477 805 subigit,
498 758 528 793 si
549 757 707 794 brachia
727 757 826 794 forte
846 758 1006 804 remisit,

107 811 239 858 Atque
259 810 369 846 illum
389 811 428 846 in
450 823 619 859 praeceps
637 823 757 858 prono
776 811 878 858 rapit
898 812 1031 848 alveus
1050 812 1166 848 amni.

160 864 356 900 Praeterea
375 869 454 899 tam
475 870 566 899 suut
586 864 749 900 Arcturi
769 865 894 901 sidera
914 865 1024 901 nobis

107 916 399 964 Haedorumque
414 917 496 953 dies
517 917 697 953 servandi
718 923 756 954 et
774 918 926 954 lucidus
947 917 1114 966 Anguis,
1223 918 1301 954 205

108 968 235 1014 Quam
254 970 395 1017 quibus
414 970 454 1005 in
474 970 642 1018 patriam*
659 977 820 1007 ventosa
838 983 907 1019 per
926 983 1080 1019 aequora
1100 971 1222 1009 vectis

106 1022 256 1060 Pontus
275 1029 314 1059 et
333 1022 503 1060 ostriferi
523 1022 653 1061 fauces
674 1030 875 1072 tentantur
894 1024 1045 1074 Abydi.

105 1075 226 1113 Libra
245 1077 308 1113 die
328 1077 528 1126 somnique
548 1089 659 1124 pares
680 1078 745 1114 ubi
766 1077 901 1114 fecerit
921 1079 1046 1122 horas,

106 1128 160 1165 Et
180 1130 351 1166 medium
370 1130 445 1166 luci
467 1136 582 1178 atque
604 1131 750 1167 umbris
763 1130 844 1178 jam
867 1131 1006 1167 dividit
1027 1132 1177 1174 orbem3

104 1182 308 1227 Exemete,
330 1183 417 1227 viri,
439 1189 580 1226 tauros,
602 1184 717 1220 serite
737 1184 878 1221 hordea
898 1184 1044 1231 campis
1224 1185 1305 1221 210

132 1236 243 1284 isque
263 1237 335 1273 sub
354 1243 571 1273 extremum
592 1238 738 1273 brumae
757 1238 1013 1274 intractabilis
1032 1238 1213 1281 imbrem;

106 1289 192 1327 Nec
211 1302 287 1326 non
308 1297 347 1326 et
366 1289 435 1325 lini
456 1298 624 1338 segetem
645 1296 683 1327 et
705 1290 863 1328 Cereale
883 1303 1053 1339 papaver

107 1343 279 1392 Tempus
299 1343 417 1379 humo
436 1349 578 1391 tegere,
599 1351 636 1380 et
654 1343 885 1391 jamdudum
905 1345 1129 1382 incumbere
1148 1344 1304 1388 aratris;

106 1396 211 1433 Dum
232 1397 333 1433 sicca
351 1396 490 1434 tellure
510 1397 610 1440 licet,
633 1398 724 1433 dum
744 1398 878 1434 nubila
897 1398 1078 1446 pendent.

106 1449 211 1486 Vere
230 1449 330 1486 fabis
350 1450 464 1493 satio;
484 1456 565 1486 tum
588 1456 625 1487 te
644 1462 806 1498 quoque,
828 1451 993 1495 Medica,
1014 1457 1148 1500 putres
1224 1452 1301 1488 215

106 1503 321 1551 Accipiunt
340 1503 447 1546 sulci,
469 1510 507 1540 et
528 1503 633 1540 milio
652 1505 760 1541 venit
781 1517 908 1541 annua
927 1517 1034 1541 cura:

107 1556 306 1594 Candidus
327 1557 473 1593 auratis
492 1557 617 1606 aperit
634 1569 721 1594 cum
741 1558 922 1594 cornibus
945 1571 1090 1594 annum

107 1609 273 1654 Taurus,
294 1617 333 1647 et
353 1610 514 1647 adverso
533 1611 673 1647 cedens
695 1610 813 1648 Canis
833 1611 975 1648 occidit
993 1617 1111 1649 astro.

106 1663 164 1699 At
184 1663 216 1700 si
237 1663 429 1700 triticeam
450 1663 490 1699 in
511 1676 674 1701 messem
693 1665 928 1713 robustaque
947 1664 1052 1702 farra

107 1715 324 1753 Exercebis
344 1717 519 1761 humum,
540 1717 707 1766 solisque
726 1718 889 1755 instabis
908 1718 1048 1762 aristis,
1225 1718 1306 1754 220

107 1770 216 1806 Ante
236 1770 307 1806 tibi
328 1770 418 1807 ane
441 1770 663 1807 Atlantides
683 1772 978 1815 abscondantur,

108 1821 333 1870 Gnosiaque
361 1824 532 1860 ardentis
552 1824 711 1860 decedat
731 1824 840 1861 stella
861 1823 1036 1869 Coronae,

106 1875 252 1912 Debita
270 1889 385 1924 quam
406 1877 522 1913 sulcis
542 1877 758 1914 committas
779 1877 935 1922 semina,
957 1890 1151 1926 quamque

106 1929 249 1966 Invitae
270 1942 456 1978 properes
477 1930 567 1966 anni
589 1942 695 1978 spem
716 1931 872 1967 credere
891 1936 1018 1967 terrae.

105 1982 225 2019 Multi
245 1990 333 2019 ante
352 1995 528 2020 occasum
550 1983 664 2020 Maiae
683 1996 850 2032 coepcre3
870 1984 935 2021 sed
955 1985 1041 2021 illos
1225 1985 1303 2020 225

105 2036 342 2084 Exspectata
361 2049 470 2085 seges
490 2037 600 2073 vanis
619 2036 733 2073 elusit
755 2037 895 2074 aristis.

109 2089 151 2126 Si
176 2102 268 2126 vero
288 2090 505 2138 viciamque
525 2102 627 2126 seres
647 2090 840 2137 vilemque
860 2090 1034 2135 faselum,

106 2142 192 2179 Nec
213 2142 422 2180 Pelusiacae
443 2156 572 2180 curam
594 2144 875 2192 adspernabere
894 2143 1026 2180 lentis:

107 2195 227 2232 Haud
247 2197 409 2233 obscura
429 2197 569 2233 cadens
590 2197 715 2233 mittet
736 2197 806 2234 tibi
828 2197 938 2246 signa
958 2197 1117 2239 Bootes;

106 2248 256 2297 Incipe,
276 2257 314 2286 et
333 2250 379 2286 ad
401 2250 543 2286 medias
563 2258 772 2287 sementem
793 2251 959 2288 extende
980 2251 1150 2300 pruinas.
1225 2251 1304 2287 230

161 2302 311 2338 ldcirco
331 2305 445 2340 certis
465 2303 680 2340 dimensum
701 2305 875 2351 partibus
895 2305 1025 2341 orbem

108 2355 187 2391 Per
207 2355 381 2392 duodena
402 2357 502 2405 regit
523 2357 655 2393 mundi
684 2357 749 2394 Sol
769 2370 909 2395 aureus
929 2364 1044 2394 astra.

109 2407 292 2456 Quinque
313 2416 445 2446 tenent
465 2410 604 2447 coelum
624 2424 745 2447 zonae:
766 2423 930 2458 quarum
952 2424 1029 2448 una
1047 2423 1206 2448 corusco
