1414 2666
120 196 173 231 50
418 195 462 232 P.
494 194 742 233 VIRGILH
762 165 1034 235 ‘MARouis
1197 196 1309 250 [Lm.

110 299 199 338 Neu
220 302 379 350 propius
398 303 510 339 tectis
528 307 665 339 taxum
685 303 778 347 sine,
800 316 900 340 neve
918 304 1102 342 rubentes

110 354 193 392 Ure
214 355 299 392 foco
318 368 488 397 cancros,
506 355 592 392 altae
611 368 685 392 neu
706 357 819 393 crede
838 357 981 405 paludi,

106 408 194 444 Aut
214 409 278 445 ubi
299 409 393 445 odor
413 408 510 445 coeni
531 409 673 457 gravis,
695 415 760 446 aut
781 411 846 446 ubi
868 423 1038 447 concava
1057 411 1170 458 pulsu

110 461 214 499 Saxa
234 467 384 507 sonant,
405 462 587 509 vocisque
607 463 751 500 offensa.
769 463 931 500 resultat
950 464 1090 512 imago.
1253 466 1308 502 50

160 513 274 560 Quod
293 522 480 564 superest,
499 515 563 552 ubi
583 516 731 563 pulsam
751 517 915 554 hiemem
937 517 992 554 sol
1012 529 1152 554 aureus
1171 517 1253 568 egit

108 567 189 605 Sub
209 575 342 613 terras,
365 569 580 616 coelumque
598 570 733 606 aestiva
751 570 836 606 luce
853 569 1026 615 reclusit,

103 620 187 657 Illte
207 622 391 658 continuo
407 623 527 659 saltus
547 622 740 670 silvasque
760 631 981 671 peragrant,

102 675 404 724 Purpureosque
425 682 575 713 metunt
590 676 715 721 flores,
737 683 777 713 et
794 676 954 713 flumina
973 676 1097 713 libant

106 728 265 765 Summa
284 729 400 766 leves.
458 727 562 766 Hinc
577 729 707 772 nescio
725 742 803 778 qua
823 729 1026 766 dulcedine
1044 730 1142 766 laetae
1249 732 1302 768 55

102 780 337 829 Progeniem
358 782 544 829 nidosque
563 781 714 824 fovent3
743 783 834 819 hinc
855 789 936 819 arte
955 789 1131 820 recentes

100 834 313 872 Excudunt
333 848 450 879 ceras,
473 841 509 871 et
529 835 643 871 mella
661 835 813 872 tenacia
832 836 996 884 fingunt.

101 887 206 925 Hinc
227 888 293 924 ubi
307 887 388 936 jam
409 889 590 925 emissum
611 888 739 925 caveis
759 889 806 925 ad
827 889 950 926 sidera
970 888 1057 926 coeli

98 940 208 978 Nare
227 954 296 990 per
316 947 485 978 :estatem
506 941 693 989 liquidam
715 942 936 990 suspexeris
953 954 1104 991 agmen,

101 993 395 1043 obscuramque
415 994 515 1031 trahi
537 1001 655 1031 vento
674 995 866 1033 mirabere
885 996 1039 1041 nubem,
1246 998 1303 1034 60

98 1046 405 1096 Contemplator:
433 1060 551 1095 aquas
570 1048 701 1085 dulces
721 1055 758 1085 et
779 1048 940 1086 frondea
959 1061 1111 1098 semper

98 1101 220 1138 Tecta
240 1107 390 1150 petunt.
450 1102 540 1138 Huc
560 1107 602 1137 tu
617 1100 748 1148 jussos
768 1103 955 1151 adsperge
970 1114 1136 1151 sapores,

98 1155 209 1191 Trita
228 1154 472 1204 melisphylla
492 1161 529 1191 et
549 1155 734 1191 cerinthae
753 1155 925 1204 ignobile
943 1168 1120 1205 gramen3

100 1208 361 1255 Tinnitusque
382 1208 452 1251 cie,
476 1214 513 1244 et
533 1206 672 1245 Matris
691 1215 806 1256 quate
826 1209 1003 1257 cymbala
1022 1209 1180 1247 circum.

95 1261 196 1310 Ipsae
215 1262 414 1298 consident
436 1261 634 1298 medicatis
654 1262 820 1306 sedibus,
836 1262 930 1310 ipsae
1244 1264 1298 1301 65

95 1315 239 1351 Intima
261 1328 366 1351 more
383 1327 451 1350 suo
470 1327 553 1351 sese
571 1314 614 1350 in
633 1316 824 1352 cunabula
847 1316 1025 1353 condent.

153 1367 221 1404 Sin
244 1376 372 1405 autem
393 1368 440 1404 ad
461 1380 631 1416 pugnam
651 1368 979 1413 exierint,-—nam
999 1381 1099 1418 saepe
1118 1369 1270 1407 duobus

95 1420 271 1469 Regibus
290 1421 448 1458 incessit
468 1433 609 1469 magno
629 1422 821 1458 discordia
840 1428 1001 1458 motu—

97 1473 370 1522 Continuoque
390 1474 537 1511 animos
558 1474 666 1522 vulgi
686 1480 724 1511 et
744 1475 979 1524 trepidantia
997 1474 1098 1512 bello

96 1527 225 1565 Corda
242 1528 334 1565 licet
352 1528 466 1576 longe
487 1528 746 1576 praesciscere:
776 1540 942 1577 namque
960 1534 1155 1567 morantes
1242 1528 1297 1569 70

94 1581 264 1618 Martius
283 1581 348 1618 ille
367 1582 453 1618 aeris
472 1581 579 1618 rauci
598 1593 714 1618 canor
733 1581 919 1630 increpat,
943 1587 983 1618 et
1003 1595 1079 1619 vox

92 1633 268 1671 Auditur
286 1634 428 1671 fractos
449 1634 599 1670 sonitus
618 1635 770 1672 imitata
788 1636 986 1672 tubarum:

94 1688 196 1725 Tum
213 1688 373 1736 trepidae
391 1688 494 1724 inter
512 1700 552 1724 se
571 1690 726 1730 coeunt,
748 1688 963 1736 pennisque
981 1694 1196 1735 coruscant,

94 1740 325 1790 Spiculaque
344 1747 541 1779 exacuunt
559 1741 705 1782 rostris,
727 1747 937 1790 aptantque
956 1741 1131 1788 lacertos,

92 1795 145 1831 Et
165 1795 267 1832 circa
286 1807 417 1844 regem
438 1801 552 1842 atque
571 1794 654 1842 ipsa
673 1795 721 1831 ad
741 1795 922 1843 praetoria
940 1795 1068 1832 densae
1240 1795 1290 1835 75

93 1848 322 1892 Miscentur,
343 1848 571 1896 magnisque
590 1853 730 1884 vocant
749 1848 981 1885 clamoribus
1000 1849 1161 1886 hostem.

92 1901 198 1950 Ergo
220 1901 284 1938 ubi
305 1914 374 1937 ver
393 1907 514 1937 nactae
534 1901 673 1937 sudum
692 1913 922 1950 camposque
940 1907 1127 1950 patentes,

93 1954 317 2003 Erumpunt
338 1954 474 2002 portis:
505 1954 766 1998 concurritur3
795 1955 937 1991 aethere
957 1955 995 1991 in
1016 1955 1092 1992 alto

91 2007 157 2044 Fit
179 2008 325 2044 sonitus
333 2022 343 2051 3
372 2019 552 2056 magnum
573 2008 705 2044 mixtae
723 2007 987 2054 glomerantur
1004 2008 1045 2044 in
1065 2009 1208 2055 orbem,

93 2061 396 2109 Praecipitesque
415 2061 574 2098 eadunt:
605 2073 678 2097 non
699 2061 853 2098 densior
872 2064 964 2098 aere
981 2063 1141 2110 grando,
1234 2064 1290 2100 80

91 2114 177 2152 Nec
197 2115 243 2150 de
264 2127 448 2151 concussa
466 2120 617 2151 tantum
636 2114 736 2162 pluit
755 2114 842 2151 ilice
861 2115 1025 2164 glandis.

89 2167 171 2216 Ipsi
192 2181 260 2216 per
279 2168 424 2204 medias
443 2167 555 2212 acies,
575 2168 795 2215 insignibus
809 2168 891 2213 alis,

89 2221 276 2270 Ingentes
297 2221 443 2257 animos
463 2227 627 2269 angusto
647 2221 687 2256 in
709 2227 862 2270 pectore
882 2227 1050 2267 versant,

88 2274 224 2323 Usque
243 2275 337 2312 adeo
356 2274 491 2311 obnixi
511 2287 587 2311 non
607 2274 756 2319 cedere,
775 2275 866 2311 dum
886 2275 1018 2323 gravis
1037 2280 1104 2312 aut
1123 2275 1191 2313 hos

86 2328 172 2365 Aut
191 2328 259 2363 hos
281 2341 391 2365 versa
410 2327 503 2377 fuga
518 2328 643 2365 victor
663 2328 754 2365 dare
772 2334 881 2376 terga
901 2328 1066 2377 subegit.
1230 2329 1281 2366 85

86 2381 142 2417 Hi
161 2387 288 2418 motus
308 2381 522 2418 animorum
543 2387 659 2430 atque
685 2382 766 2418 haec
785 2381 995 2419 certamina
1012 2387 1120 2420 tanta

83 2434 264 2471 Pulveris
283 2434 415 2483 exigui
432 2433 536 2482 jactu
558 2446 774 2483 compressa
793 2434 1009 2484 quiescunt.
