1414 2666
611 203 820 231 CARMINUM
839 203 898 231 111.

275 298 363 347 Hic,
384 300 486 338 unde
503 301 619 339 vitam
637 306 812 348 sumeret,
833 302 983 348 inscius,

274 353 410 392 Pacem
429 354 556 403 duello
574 355 735 394 miscuit.
793 356 828 393 Ο
844 356 967 406 pudor
987 354 995 391 Σ

329 408 364 446 Ο
384 421 522 457 magna
542 408 746 459 Carthago,
763 410 952 459 probrosis

381 461 509 500 Altior
523 461 654 500 Italiae
672 463 788 500 ruinis
803 464 868 502 1—

273 514 411 554 Fertur
429 516 586 565 pudicae
605 517 775 566 conjugis
794 518 975 563 osculum,

274 569 492 619 Parvosque
510 575 631 617 natos,
653 577 696 610 ut
715 572 847 622 eapitis
866 572 1000 618 minor,

325 624 388 660 Ab
407 637 446 661 se
464 625 677 671 removisse,
699 629 736 662 et
751 625 894 663 virilem

379 677 525 715 Torvus
543 678 648 715 humi
667 679 833 728 posuisse
851 679 998 718 vultum
1019 693 1029 724 ;

272 731 407 769 Donec
423 731 593 770 labantes
612 733 766 770 consilio
787 733 919 771 Batres

272 785 460 823 Firmaret
474 790 606 823 auctor
625 799 819 835 nunquam
839 787 929 824 alias
949 787 1050 833 dato,

322 839 502 888 Interque
524 843 734 877 moerentes
754 840 894 877 amicos

376 893 564 941 Egregius
583 899 801 942 properaret
820 893 939 930 exsul.

269 946 389 995 Atqui
408 946 549 984 sciebat
568 958 662 994 quae
683 947 754 984 sibi
773 947 954 985 barbarus

269 999 407 1038 Tortor
425 1004 575 1050 pararet
595 1014 603 1038 ε
634 1013 711 1038 non
730 1001 840 1039 aliter
858 1006 986 1039 tamen

323 1054 494 1092 Dimovit
509 1055 701 1092 obstantes
721 1055 960 1105 propinquos,

375 1108 427 1146 Et
447 1108 625 1157 populum
646 1109 789 1146 reditus
807 1114 1029 1157 morantem,

271 1162 395 1207 Quam
413 1162 443 1199 si
463 1162 642 1199 clientum
663 1163 778 1211 longa
796 1163 960 1212 negotia,

270 1215 491 1265 Dijudicata
509 1216 587 1262 lite,
609 1216 849 1264 relinqueret,

319 1270 495 1306 Tendens
514 1269 748 1307 Venafranos
767 1270 805 1306 in
826 1282 947 1319 agros,

372 1323 454 1361 Aut
474 1323 814 1360 Lacedaemonium
836 1324 1054 1362 Tarentum.

478 1390 566 1427 om:
586 1390 777 1428 VL—Acl
802 1390 1001 1429 Romanos.

264 1456 445 1494 DELICTA
464 1456 661 1505 majorum,
682 1456 902 1503 immeritus,
924 1457 1016 1503 lues,

263 1510 449 1556 Romane,
471 1510 591 1547 donec
609 1510 751 1560 templa
769 1510 953 1557 refeceris,

315 1564 513 1612 Aedesque
532 1565 701 1602 labentes
720 1564 887 1609 deorum,
911 1569 949 1602 et

369 1617 495 1655 Foeda
514 1618 623 1667 nigro
643 1618 842 1655 simulacra
859 1618 973 1655 fumo.

260 1672 333 1709 Dis
351 1677 390 1710 te
408 1671 591 1709 minorem
611 1671 713 1720 quod
727 1672 838 1721 geris,
859 1671 1021 1721 imperas
1038 1685 1046 1709 :

259 1725 364 1762 Hinc
383 1738 494 1763 omne
507 1726 743 1775 principium,
765 1725 839 1762 huc
857 1725 954 1762 refer
968 1725 1126 1764 exitum.

313 1779 366 1816 Di
385 1780 505 1817 multa
523 1779 687 1828 neglecti
706 1780 893 1816 dederunt

363 1832 572 1882 Hesperiae
591 1833 688 1870 mala
706 1833 913 1870 luctuosae.

254 1886 280 1923 ,J
283 1899 343 1923 am
360 1886 418 1924 bis
439 1887 648 1932 Monaeses,
671 1892 709 1924 et
728 1885 860 1924 Pacori
876 1898 1009 1923 manus

257 1940 347 1977 Non
366 1941 575 1990 auspicatos
590 1940 765 1978 contudit
778 1939 941 1989 impetus

308 1993 482 2040 Nostros,
504 1999 543 2031 et
562 1993 742 2042 adjecisse
760 1993 939 2043 praedam

363 2047 577 2096 Torquibus
597 2047 743 2097 exiguis
762 2047 925 2085 renidet.

256 2101 394 2148 Paene,
417 2105 638 2151 occupatam
660 2101 921 2146 seditionibus,

254 2155 408 2194 Delevit
427 2156 560 2193 urbem
579 2155 720 2201 Dacus,
743 2160 781 2192 et
802 2154 987 2204 Aethiops
1003 2167 1013 2199 3

306 2209 384 2247 Hie
403 2210 519 2247 classe
537 2209 773 2251 formidatus,
794 2209 858 2246 ille

361 2263 567 2302 Missilibus
587 2263 719 2300 melior
738 2262 896 2311 sagittis.

253 2316 433 2355 Fecunda
454 2317 585 2366 culpae
601 2316 749 2354 saecula
767 2315 919 2365 nuptias

253 2370 420 2408 Primum
440 2371 697 2420 inquinavere,
719 2375 758 2408 et
771 2381 902 2419 genus,
924 2373 962 2408 et
981 2370 1136 2409 domos:

307 2425 394 2462 Hoc
413 2424 519 2462 fonte
539 2424 710 2462 derivata
729 2423 853 2461 clades

365 2478 411 2516 In
428 2478 588 2528 patriam
608 2477 866 2528 populumque
885 2477 1013 2517 fluxit.

1298 466 1349 504 40

1296 1004 1348 1043 50

1291 1943 1341 1980 10

1283 2479 1336 2519 20
