1475 2712
39 216 119 268 111.]
557 225 678 252 usn.
1157 214 1208 251 59

97 323 220 369 Quem
240 323 385 360 Tiberis
403 322 524 360 curvis
543 322 582 359 in
600 322 698 359 latus
717 326 828 370 urget
848 319 964 370 aquis.
1137 320 1214 357 02⁴)

46 377 122 422 Qui
140 383 266 415 tamen
285 377 401 426 ejecta
419 377 451 414 si
466 376 563 413 forte
580 375 768 412 tenebitur
787 375 900 421 unda,

101 430 238 468 Coelius
257 431 412 480 accipiet
429 429 708 479 pulverulentus
727 441 851 477 equos.

46 535 176 572 Idibus
195 539 252 573 est
270 534 391 571 Annae
409 531 708 580 festumgeniale
728 531 922 577 Perennae,

100 588 217 625 Haud
235 588 366 637 procul
384 599 406 624 a
424 586 526 635 ripis,
545 586 689 622 advena
711 585 828 629 Tibri,
848 586 934 623 tuis.

48 642 159 679 Plebs
178 641 292 687 venit,
312 654 354 678 ae
372 640 507 677 virides
525 639 660 688 passim
678 638 832 687 disjecta
851 651 917 688 per
937 638 1068 676 herbas
1142 639 1217 677 525

101 695 226 740 Potat,
246 701 283 732 et
302 694 484 732 accumbit
500 705 585 730 cum
604 705 691 741 pare
709 693 863 741 quisque
882 705 962 729 sua.

49 749 128 788 Sub
146 748 242 786 Jove
260 761 344 798 pars
363 748 473 785 durat
488 760 497 784 ε
528 747 634 795 pauci
654 747 817 784 tentoria
835 751 980 795 ponunt
997 760 1005 783 ε

103 802 210 847 Sunt,
231 802 365 851 quibus
383 814 404 838 e
422 800 532 837 ramis
547 800 701 837 frondea
719 800 817 837 facta
835 812 918 836 casa
937 807 993 837 est
1010 812 1019 834 :

51 855 142 893 Pars
161 857 212 893 ibi
231 868 298 905 pro
316 855 446 903 rigidis
465 854 625 891 calamos
644 859 808 891 statuere
827 854 1020 899 columnis,

103 909 275 958 Desuper
294 914 462 946 extentas
479 908 689 957 imposuere
707 913 828 956 togas.
1146 909 1224 945 530

52 962 138 1000 Sole
157 970 282 1001 tamen
301 963 459 1010 vinoque
478 962 600 998 calent
616 975 624 999 ε
655 973 844 1010 annosque
862 966 1072 1009 precantur,

105 1017 209 1062 Quot
228 1022 374 1054 sumant
393 1015 561 1065 cyathos,
580 1015 629 1051 ad
647 1027 918 1063 numerumque
939 1015 1084 1052 bibunt.

52 1071 223 1108 Invenies
242 1070 328 1114 illic,
349 1070 411 1117 qui
433 1069 602 1106 Nestoris
621 1069 747 1106 ebibat
766 1081 907 1111 annos;

105 1123 200 1169 Quae
220 1123 268 1161 sit
286 1135 351 1172 per
370 1123 501 1160 calices
518 1122 614 1159 facta
635 1122 777 1171 Sibylla
796 1134 893 1159 suos.

53 1177 135 1215 Illic
153 1183 191 1214 et
210 1182 375 1220 cantant,
396 1176 570 1224 quicquid
585 1176 748 1212 didicere
767 1176 921 1213 theatris
938 1188 946 1212 ε
1149 1175 1225 1213 535

107 1231 158 1268 Et
169 1230 315 1280 jactant
334 1230 458 1266 faciles
477 1230 525 1266 ad
544 1242 610 1266 sua
630 1230 742 1266 verba
761 1241 913 1266 manus:

55 1284 106 1323 Et
125 1285 268 1321 ducunt
288 1283 407 1332 posito
427 1283 538 1319 duras
558 1289 701 1320 cratere
720 1283 883 1328 choreas,

108 1338 290 1386 Cultaque
309 1336 448 1373 diffusis
467 1336 579 1374 saltat
597 1336 716 1373 amica
735 1336 861 1373 comis.

57 1391 152 1430 Cum
170 1392 340 1435 redeunt,
360 1391 527 1428 titubant
543 1403 552 1433 3
582 1396 619 1427 et
638 1396 726 1427 sunt
745 1389 954 1438 spectacula
973 1389 1108 1437 vulgo:

109 1445 159 1483 Et
178 1445 387 1482 fortunatos
406 1444 514 1480 obvia
532 1444 642 1481 turba
661 1451 807 1480 vocant.
1153 1444 1230 1480 540

57 1499 214 1536 Oceurri
233 1510 375 1547 nuper;
397 1497 474 1534 visa
493 1502 548 1534 est
568 1496 657 1533 mihi
675 1497 790 1545 (ligna
809 1497 928 1534 relatu

110 1553 274 1601 Pompa:
302 1563 427 1588 senem
445 1556 573 1599 potum
595 1557 682 1599 pota
700 1551 871 1587 trahebat
891 1563 997 1586 anus.

58 1606 154 1652 Quae
175 1612 299 1643 tamen
317 1605 396 1642 haee
416 1605 485 1641 dea
504 1604 564 1648 sit,
585 1604 759 1652 quoniam
778 1604 987 1640 rumoribus
1007 1609 1144 1650 errant,

113 1659 254 1696 Fabula.
272 1659 461 1708 proposito
481 1658 584 1694 nulla
603 1658 761 1695 tacenda
779 1671 872 1695 meo.

58 1714 213 1751 Arserat
232 1713 359 1749 AEneae
383 1712 483 1748 Dido
503 1712 719 1748 miserabilis
739 1712 826 1760 igne
843 1725 851 1748 :
1154 1713 1231 1749 545

112 1768 266 1804 Arserat
285 1767 482 1803 exstructis
501 1767 539 1801 in
559 1778 625 1802 sua
643 1765 720 1803 fata
740 1766 852 1813 rogis.

60 1820 372 1868 Compositusque
390 1819 493 1862 cinis,
513 1819 722 1868 tumulique
740 1819 778 1855 in
797 1830 980 1855 marmore
999 1830 1147 1855 carmen

113 1875 199 1911 Hoc
217 1874 339 1918 breve,
360 1873 463 1922 quod
481 1873 641 1909 moriens
660 1873 739 1921 ipsa
758 1873 918 1920 reliquit,
941 1877 1020 1909 erat
1041 1885 1049 1909 ε

60 1928 234 1965 Praebuit
252 1927 393 1964 AEneas
410 1931 445 1964 et
462 1939 609 1963 causam
627 1928 754 1964 mortis
772 1931 806 1963 et
823 1939 939 1964 ensem
957 1937 969 1961 .·

114 1982 201 2032 Ipsa
217 1994 285 2019 sua
303 1980 407 2017 Dido
426 1980 581 2018 concidit
598 1993 666 2017 usa
684 1993 808 2017 manu.
1158 1981 1235 2017 550

63 2035 251 2072 Protimus
269 2034 452 2071 invadunt
472 2034 645 2070 Numidae
664 2034 743 2070 sine
763 2034 908 2070 vindice
927 2045 1084 2081 regnum
1100 2045 1109 2076 ;

115 2088 165 2126 Et
183 2088 324 2137 potitur
342 2094 450 2136 capta
470 2087 623 2124 Maurus
644 2086 752 2124 Iarba
769 2088 895 2124 domo.

64 2143 184 2190 Seque
202 2154 342 2178 memor
361 2148 536 2189 spretum,
560 2140 747 2177 Thalamis
764 2145 900 2183 tamen,
925 2138 1057 2187 inquit,
1076 2139 1217 2184 Elissa),

118 2195 177 2232 En
196 2207 278 2243 ego,
299 2207 408 2243 quem
428 2193 539 2231 toties
556 2194 694 2242 repulit
711 2194 786 2240 illa,
807 2194 923 2231 fruor.

66 2248 284 2297 Diffugiunt
304 2247 420 2297 Tyrii,
440 2260 515 2296 quo
533 2258 714 2295 quemque
733 2248 812 2296 agit
831 2260 944 2293 error,
965 2252 1009 2286 ut
1028 2248 1114 2284 olim
1164 2249 1239 2285 555

119 2302 266 2339 Amisso
285 2301 407 2338 dubiae
426 2313 516 2349 rege
534 2309 719 2349 vagantur
737 2314 838 2350 apes.

68 2355 196 2394 Tertia
213 2354 410 2391 nudandas
428 2361 622 2403 acceperat
641 2367 726 2391 area
744 2367 890 2399 messes,

123 2409 241 2458 Inque
260 2421 369 2446 cavos
388 2409 509 2445 ierant
528 2407 641 2445 tertia
660 2413 783 2445 musta
801 2408 904 2445 lacus
920 2422 928 2452 ;

72 2463 233 2501 Pellitur
248 2465 361 2499 Anna
378 2462 490 2499 domo
505 2474 514 2500 ε
544 2461 826 2511 lacrymansque
845 2462 985 2500 sororia
1002 2462 1139 2512 linquit
