1475 2712
109 187 172 239 τι]
627 197 746 226 ns'rr.
1218 183 1267 223 27

112 294 206 333 Inde
225 292 315 346 (fide
334 294 468 345 majus)
487 298 595 343 tergo
613 293 788 343 delphina
805 304 957 330 recurvo

167 347 215 385 Se
233 354 439 386 memorant
457 348 559 386 oneri
578 347 809 397 supposuisse
820 359 931 384 novo.

110 401 179 438 Ille
197 402 328 439 sedens
347 402 595 449 citharamque
613 406 727 446 tenet,
747 400 980 449 pretiumque
998 397 1155 436 vehendi
1194 397 1269 433 115

163 454 310 501 Cantent,
332 462 369 493 et
387 467 571 503 aequoreas
593 454 753 492 carmine
768 454 902 491 mulcet
921 466 1046 502 aquas.

111 507 164 544 Di
181 508 243 557 pia
260 509 357 547 sacta
375 509 513 546 vident.
568 508 691 546 Astris
705 507 879 557 delphina
892 507 1031 556 recepit

162 561 320 612 Jupiter,
341 567 379 601 et
396 562 519 600 stellas
530 560 642 610 jussit
659 561 795 599 habere
812 573 958 598 novem.

112 655 224 692 Nunc
242 654 331 691 mihi
349 653 448 691 misse
462 666 581 699 sonos,
602 664 746 702 quoque
763 657 819 690 est
837 656 1060 689 memoratus
1078 649 1253 693 Achilles,

165 708 319 753 Vellem,
336 706 532 752 Maeonide,
552 712 681 756 pectus
699 707 818 743 inesse
836 710 957 743 tuum.
1197 702 1270 739 120

114 761 216 798 Dum
235 761 398 810 canimus
413 773 532 798 sacras
550 761 692 798 alterno
711 760 872 797 carmine
886 759 1014 796 Nonas
1034 772 1043 796 ε

163 814 348 852 Maximus
365 814 451 851 hinc
469 814 571 852 fastis
587 814 838 851 accumulatur
852 813 984 849 honos.

112 868 249 906 Deficit
267 867 469 917 ingenium,
489 868 698 917 majoraque
716 867 858 903 viribus
876 870 1022 914 urgent.

165 921 259 958 Haec
273 922 362 958 mihi
382 922 566 970 praecipuo
585 928 640 959 est
659 933 722 958 ore
742 920 908 957 canenda
926 920 1018 956 dies.

122 975 225 1020 Quid
244 975 343 1011 volui
362 975 512 1012 demens
532 975 645 1024 elegis
663 975 851 1023 imponere
869 978 1016 1011 tantum
1200 970 1273 1007 1‘25

168 1027 349 1065 Ponderis
367 1029 387 1065 ‘.>
414 1028 518 1065 heroi
536 1042 593 1065 res
613 1034 692 1065 erat
710 1029 781 1065 ista.
800 1027 914 1076 pedis.

115 1081 250 1119 Sancte
268 1086 373 1130 pater
392 1082 533 1131 patrioe‚
554 1082 622 1120 tibi
642 1082 755 1131 plebs,
776 1081 846 1119 tibi
864 1080 963 1117 curia
982 1090 1119 1116 nomen

164 1134 249 1171 Hoc
268 1135 372 1173 dedit
392 1148 400 1178 ;
429 1135 498 1172 hoc
518 1135 688 1172 dedimus
707 1147 773 1172 nos
792 1134 861 1172 tibi
878 1145 1015 1170 nomen
1033 1144 1157 1180 eques.

114 1188 192 1225 Res
210 1192 335 1226 tamen
353 1193 440 1225 ante
458 1189 574 1226 dedit.
631 1189 720 1226 Sero
740 1200 884 1236 quoque
902 1199 989 1224 vera
1005 1186 1124 1224 tulisti

166 1240 330 1278 Nomina
349 1255 358 1279 ε
383 1241 607 1291 jampridem
626 1247 668 1279 tu
686 1247 792 1291 pater
810 1241 908 1278 orbis
928 1253 1017 1277 eras.
1204 1238 1278 1275 13&

115 1294 201 1332 Hoc
218 1299 260 1333 tu
279 1308 344 1344 per
362 1300 490 1341 terras,
511 1295 610 1343 quod
628 1296 668 1332 in
682 1295 819 1332 aethere
836 1294 985 1343 Jupiter
1003 1293 1090 1336 alto,

168 1349 316 1386 Nomen
334 1348 457 1385 habes.
512 1349 718 1385 Hominum
738 1354 778 1386 tu
798 1353 915 1397 pater,
935 1347 996 1383 ille
1016 1346 1139 1383 deum.

116 1402 290 1447 Romule,
312 1402 491 1439 concedas
509 1415 517 1439 :
548 1402 635 1440 facit
654 1402 713 1439 hic
731 1407 797 1439 tua
815 1413 949 1450 magna
966 1401 1107 1438 tuendo

167 1455 306 1492 Moenia
325 1468 334 1499 3
365 1461 408 1493 tu
430 1455 585 1492 dederas
603 1455 845 1493 transilienda
865 1455 999 1490 Remo.

117 1508 172 1545 Te
193 1508 333 1554 Tatius,
353 1509 526 1558 parvique
546 1509 673 1554 Cures,
695 1508 920 1555 Caeninaque
937 1507 1074 1551 sensit3
1202 1506 1275 1544 133

170 1561 256 1599 Hoc
275 1562 369 1599 duce
389 1562 598 1599 Romanum
620 1568 676 1600 est
694 1562 779 1599 solis
798 1567 996 1609 utrumque
1014 1561 1121 1598 latus.

117 1615 174 1651 Tu
194 1616 305 1652 breve
322 1616 444 1653 nescio
463 1616 551 1664 quid
570 1616 677 1653 victae
696 1615 837 1654 telluris
856 1615 1038 1658 habebas;

171 1668 430 1717 Quodcunque
448 1677 504 1707 est
523 1671 599 1706 alto
619 1670 687 1706 sub
705 1669 812 1714 Jove,
835 1669 960 1705 Caesar
978 1668 1102 1705 habet.

119 1722 178 1759 Tu
192 1723 300 1772 rapis,
322 1723 381 1759 hic
400 1729 517 1760 castas
532 1723 626 1760 duce
645 1735 683 1759 se
696 1722 805 1771 jubet
824 1735 902 1759 esse
921 1722 1083 1759 maritas.

171 1775 229 1812 Tu
244 1776 374 1826 recipis
391 1776 486 1822 luco,
507 1777 699 1814 submovet
718 1777 779 1813 ille
792 1776 906 1813 nefas.
1204 1775 1277 1811 140

116 1829 184 1866 Vis
202 1830 270 1867 tibi
289 1834 390 1878 grata
407 1829 478 1868 fuit
498 1843 507 1874 ;
536 1830 671 1867 florent
689 1831 757 1866 sub
774 1830 921 1866 Caesare
934 1829 1036 1878 leges
1058 1842 1066 1872 ;

171 1882 230 1919 Tu
249 1883 404 1920 Domini
422 1895 571 1929 nomen,
588 1883 771 1932 Principis
790 1883 852 1920 ille
872 1888 986 1920 tenet.

119 1935 174 1973 Te
194 1936 335 1974 Remus
354 1937 519 1982 incusat3
549 1938 693 1974 veniam
712 1937 816 1974 dedit
830 1936 997 1974 hostibus
1015 1936 1089 1973 ille.

177 1989 373 2028 Coelestem
391 1991 477 2028 fecit
495 1995 534 2028 te
551 1996 656 2039 pater
676 2004 684 2034 ;
712 1990 775 2027 ille
792 1995 948 2039 patrem.

121 2043 207 2081 Jam
224 2056 316 2092 puer
335 2044 455 2081 Idaeus
474 2045 596 2081 media
612 2050 721 2082 tenus
741 2044 878 2081 eminet
897 2044 992 2088 alvo,
1208 2042 1279 2080 145

173 2095 225 2134 Et
243 2097 401 2145 liquidas
420 2097 536 2135 mixto
555 2103 704 2136 nectare
721 2097 846 2135 fundit
865 2109 991 2145 aquas.

120 2148 179 2186 En
199 2150 323 2195 etiam,
343 2151 372 2187 si
391 2151 472 2199 quis
491 2150 639 2188 Borean
658 2151 808 2188 horrere
828 2151 982 2195 solebat,

173 2203 366 2248 Gaudeat;
397 2217 418 2241 a
437 2204 615 2255 Zephyris
636 2204 780 2241 mollior
798 2217 887 2241 aura
906 2204 1021 2242 venit.

121 2296 285 2342 Quintus
303 2296 350 2332 ab
369 2296 546 2345 aequoreis
565 2296 725 2333 nitidum
738 2296 850 2345 jubar
868 2295 1003 2333 extulit
1021 2293 1132 2332 undis

172 2349 331 2394 Lucifer,
352 2354 389 2386 et
407 2350 515 2398 primi
534 2355 701 2399 tempora
719 2350 811 2387 veris
831 2354 949 2387 erunt.
1204 2348 1279 2386 150

118 2402 179 2440 Ne
195 2403 322 2440 fallare
340 2407 465 2441 tamen
485 2417 494 2447 ;
523 2407 664 2441 restant
678 2403 747 2441 tibi
766 2403 914 2452 frigora,
935 2406 1076 2440 restant
1095 2416 1104 2447 ;

174 2456 385 2506 Magnaque
404 2457 597 2494 discedens
616 2457 721 2506 signa
739 2457 888 2506 reliquit
906 2456 1035 2494 hiems.
