1475 2712
1163 210 1187 245 20

1191 208 1212 247 *Ι

507 215 698 250 Annssmos
723 221 768 248 11.

67 320 217 358 Credita
234 333 292 358 res
311 335 320 366 ;
347 319 516 368 captique
533 317 640 364 dolis,
657 317 886 366 lacrimisque
912 317 1058 363 coactis,

66 373 169 418 Quos
188 386 305 422 neque
320 372 494 423 Tydides,
515 384 583 409 nec
602 372 814 409 Larissaeus
836 370 1008 416 Achilles,

66 427 152 463 Non
171 428 258 464 anni
275 428 448 464 domuere
466 425 602 470 decem,
622 438 696 463 non
716 425 814 462 mille
831 425 988 462 carinae.

119 480 194 518 Hic
213 481 313 518 aliud
331 479 446 528 majus
464 478 603 515 miseris
621 479 809 526 multoque
827 477 1059 515 tremendum

68 533 253 582 Objicitur
272 533 397 582 magis,
417 539 526 580 atque
540 532 743 580 improvida
762 537 910 580 pectora
927 532 1065 569 turbat.
1140 531 1216 568 200

70 586 251 630 Laocoon,
273 587 404 624 ductus
425 586 601 634 Neptuno
619 591 717 622 sorte
735 583 912 628 sacerdos,

69 641 262 678 Sollemnis
275 646 420 678 taurum
438 639 625 687 ingentem
645 639 827 676 mactabat
845 638 892 674 ad
911 650 1002 675 aras,

69 693 187 731 Ecce!
217 699 337 731 autem
351 692 487 741 gemini
506 705 527 729 a
546 692 709 736 Tenedo,
729 691 926 740 tranquilla
947 704 1009 739 per
1027 691 1112 736 alta,

66 746 269 795 (Horresco
284 744 458 797 referens)
480 745 665 782 immensis
684 745 835 781 orbibus
854 757 994 793 angues

70 800 293 838 Incumbunt
312 800 447 848 pelago,
471 799 677 848 pariterque
695 799 741 835 ad
760 799 885 836 littora
903 798 1086 835 tendunt:
1142 798 1217 834 205

71 853 226 891 Pectora
245 865 399 901 quorum
417 853 514 890 inter
532 852 666 890 fluctus
685 858 825 889 arrecta
835 851 1021 900 jubaeque

70 907 300 955 sanguineae
318 911 538 955 exsuperant
556 906 674 942 undas
693 919 701 949 ;
731 918 814 954 pars
830 911 952 943 cetera
971 913 1124 953 pontum

73 961 175 997 Pone
193 961 294 1009 legit,
315 959 533 1007 sinuantque
550 959 725 996 immensa
744 959 928 995 volumine
946 965 1064 1006 terga.

71 1013 132 1052 Fit
151 1014 302 1058 sonitus,
323 1020 516 1062 spumante
535 1013 628 1049 salo:
652 1011 801 1060 jamque
821 1025 906 1048 arva
927 1013 1114 1056 tenebant,

69 1067 317 1115 Ardentisque
331 1067 454 1104 oculos
472 1065 613 1102 suffecti
632 1067 809 1113 sanguine
827 1071 864 1103 et
883 1065 972 1113 igni,
1145 1064 1221 1101 210

71 1120 186 1157 Sibila
203 1120 414 1165 lambebant
432 1119 568 1167 linguis
587 1119 815 1156 vibrantibus
833 1132 909 1155 ora.

74 1173 298 1222 Diffugimus
317 1176 396 1210 visu
416 1184 632 1220 exsangues.
687 1171 743 1208 Illi
759 1173 904 1220 agmine
923 1181 1024 1208 certo

70 1226 282 1264 Laocoonta
300 1231 433 1276 petunt
449 1239 456 1269 ;
487 1233 524 1263 et·
539 1226 695 1274 primum
716 1238 828 1274 parva
847 1225 1005 1276 duorum

72 1280 236 1329 Corpora
254 1286 424 1318 natorum
444 1291 592 1328 serpens
610 1279 799 1328 amplexus
817 1285 972 1326 uterque

67 1333 245 1383 lmplicat,
264 1339 302 1371 et
321 1334 469 1370 miseros
488 1345 609 1369 morsu
628 1332 840 1381 depascitur
859 1339 960 1369 artus
981 1345 990 1368 2
1144 1333 1220 1370 215

67 1386 167 1431 Post,
187 1387 316 1436 ipsum,
336 1387 472 1424 auxilio
490 1386 708 1423 subeuntem
726 1399 767 1423 ac
786 1386 860 1424 tela
878 1385 1066 1430 ferentem,

71 1440 298 1490 Corripiunt,
318 1441 494 1490 spirisque
512 1439 630 1488 ligant
648 1439 861 1488 ingentibus
877 1452 886 1483 ;
915 1447 952 1475 et
965 1438 1055 1487 jam,

71 1492 133 1532 Bis
151 1494 311 1531 medium
330 1493 498 1542 amplexi,
518 1493 573 1529 bis
592 1493 686 1529 collo
705 1506 874 1542 squamea
892 1492 1027 1528 circum

73 1547 195 1596 Terga
213 1548 300 1592 dati,
321 1552 495 1596 superant
514 1546 645 1595 capite,
666 1557 703 1584 et
722 1547 924 1584 cervicibus
942 1546 1024 1583 altis

75 1600 141 1638 Ille
159 1601 266 1638 simul
281 1601 447 1637 manibus
462 1600 583 1637 tendit
601 1599 774 1637 divellere
791 1600 920 1644 nodos,
1148 1600 1225 1638 220

74 1654 246 1692 Perfusus
265 1655 364 1692 sanie
385 1655 503 1696 vittas,
525 1658 678 1702 atroque
697 1666 838 1691 veneno
857 1667 865 1696 ;

75 1708 260 1745 Clamores
279 1707 385 1744 simul
400 1706 601 1743 horrendos
620 1707 668 1743 ad
687 1707 806 1744 sidera
824 1707 922 1745 tollit
941 1721 948 1745 :

75 1761 204 1806 Qualis
222 1761 395 1810 mugitus,
415 1760 511 1808 fugit
530 1772 641 1808 quum
662 1761 805 1798 saucius
824 1773 923 1798 aram

75 1815 229 1859 Taurus,
250 1820 288 1852 et
305 1815 480 1852 incertam
500 1814 657 1851 excussit
675 1814 814 1851 cervice
833 1815 998 1851 securim.

72 1867 128 1906 At
146 1868 282 1917 gemini
299 1868 401 1917 lapsu
420 1866 573 1903 delubra
587 1867 634 1903 ad
652 1880 792 1904 summa
811 1868 986 1905 dracones
1150 1868 1225 1906 225

76 1921 282 1970 Effugiunt‚
302 1933 500 1969 saevaeque
518 1924 651 1968 petunt
671 1921 874 1958 Tritonidis
893 1934 1012 1958 arcem
1028 1935 1037 1965 ;

78 1973 154 2012 Sub
172 1976 397 2024 pedibusque
416 1975 517 2018 deae,
533 1973 712 2023 clipeique
726 1975 793 2012 sub
811 1975 911 2021 orbe,
931 1980 1122 2023 teguntur.

82 2028 178 2065 Tum
196 2041 283 2065 vero
300 2028 513 2066 tremefacta
531 2038 647 2064 novus
665 2040 730 2077 per
748 2033 898 2076 pectora
916 2029 1057 2066 cunctis

77 2082 244 2119 insinuat
262 2095 373 2131 pavor
389 2095 397 2125 ;
427 2087 465 2118 et
483 2080 599 2116 scelus
614 2081 829 2130 expendisse
847 2088 1048 2119 merentem

78 2135 291 2173 Laocoonta
308 2135 444 2179 ferunt,
465 2145 602 2170 sacrum
620 2136 682 2183 qui
700 2135 851 2184 cuspide
868 2136 982 2172 robur
1151 2135 1229 2174 230

79 2189 255 2232 Laeserit,
276 2193 314 2226 et
332 2195 438 2236 tergo
453 2187 664 2226 sceleratam
682 2188 873 2226 intorserit
890 2188 1043 2226 hastam.

80 2242 301 2279 Ducendum
320 2242 366 2278 ad
385 2241 488 2278 sedes
507 2240 751 2287 simulacrum,
771 2242 982 2291 orandaque
1000 2242 1107 2278 divae

78 2295 251 2340 Numina,
272 2295 512 2332 conclamant.

80 2349 289 2385 Dividimus
306 2361 439 2394 muros,
460 2354 497 2386 et
515 2348 658 2386 moenia
668 2347 862 2397 pandimus
880 2349 992 2387 urbis.

79 2402 292 2450 Accingunt
309 2414 434 2439 omnes
448 2404 560 2452 operi,
576 2401 801 2451 pedibusque
819 2407 982 2440 rotarum
1155 2403 1230 2441 235

81 2455 289 2504 Subjiciunt
306 2455 443 2506 lapsus,
462 2462 500 2494 et
519 2462 672 2506 stuppea
690 2455 837 2493 vincula
850 2456 944 2494 collo
