1414 2666
97 214 146 250 58
392 211 437 248 P.
470 209 605 249 VIRG
613 211 715 248 ILII
746 211 789 248 M
796 210 1006 250 ARONIS
1176 211 1288 262 [Lm.

97 319 310 366 Postquam
330 323 386 355 est
406 318 447 354 in
468 317 624 354 thalami
645 318 853 367 pendentia
872 318 1024 367 pumice
1044 324 1146 356 tecta

97 371 347 416 Perventum,
369 378 407 408 et
430 371 510 407 nati
529 371 642 408 fietus
661 372 842 419 cognovit
860 373 994 408 inanes
1209 370 1288 411 375

99 424 264 474 Cyrene,
287 425 464 461 manibus
482 424 647 472 liquidos
667 425 760 461 dant
779 425 911 462 ordine
930 425 1056 461 sontes

99 477 316 519 Germanic,
338 478 532 526 tonsisque
551 477 682 514 ferunt
701 479 882 515 mantelia
898 478 1020 521 villis;

95 530 195 567 Pars
215 532 339 579 epulis
361 537 523 568 onerant
542 543 705 574 mensas,
727 538 765 568 et
785 531 898 580 plena
917 537 1112 579 reponunt

96 582 254 627 Pocula;
277 584 478 621 Panchaeis
497 584 720 621 adolescunt
739 585 894 633 ignibus
914 596 1009 626 πῶς

97 637 150 674 Et
170 646 303 680 mater,
327 637 433 684 Cape
456 638 610 674 Maeonii
633 638 827 675 carchesia
846 636 1005 674 Bacchi:
1209 639 1288 674 380

98 688 253 727 Oceano
272 691 454 727 libemus!
477 692 542 727 ait.
603 691 727 727 Simul
747 692 830 739 ipsa
850 697 1030 739 precatur

98 743 372 792 Oceanumque
392 750 539 793 patrem
560 756 702 790 rerum,
723 744 1003 793 Nymphasque
1020 755 1180 787 sorores,

98 796 265 834 Centum
287 809 372 845 quae
394 798 524 842 silvas,
545 802 700 834 centum
720 809 805 845 quae
825 797 987 834 fiumina
1012 804 1182 833 servant.

98 850 178 887 Ter
196 850 342 898 liquido
362 851 561 887 ardentem
580 850 753 899 perfudit
773 856 927 887 nectare
947 850 1120 894 Vestam,

97 903 177 941 Ter
195 904 349 941 flamma
369 904 416 940 ad
437 915 629 940 summum
648 903 740 940 tecti
760 903 933 950 subjecta
951 903 1114 946 reluxit;
1208 904 1286 940 385

98 955 239 994 Omine
258 970 334 1006 quo
354 958 510 993 firmans
530 957 712 1001 animum,
734 956 790 993 sic
809 957 947 1006 incipit
965 957 1065 1005 ipsa:

151 1010 222 1047 Est
241 1011 282 1046 in
304 1009 517 1058 Carpathio
536 1010 713 1058 Neptuni
732 1010 888 1059 gurgite
907 1016 1014 1047 vates

98 1062 299 1101 Caeruleus
320 1064 495 1108 Proteus,
517 1076 700 1112 magnum
719 1063 785 1111 qui
804 1064 976 1112 piscibus
995 1075 1125 1111 aequor

97 1117 149 1153 Et
162 1117 304 1165 juncto
323 1117 507 1165 bipedum
526 1129 641 1153 curru
663 1117 823 1153 metitur
841 1129 1042 1165 equorum.

98 1170 176 1207 Hie
200 1183 304 1207 nunc
324 1170 514 1206 Emathiae
533 1177 667 1218 portus
686 1170 927 1218 patriamque
945 1169 1083 1207 revisit
1209 1170 1289 1207 390

95 1223 296 1260 Pallenen.
355 1224 472 1260 Hunc
491 1230 530 1260 et
549 1221 742 1272 Nymphae
761 1235 1003 1268 veneramur,
1025 1229 1064 1260 et
1083 1223 1166 1271 ipse

96 1275 337 1314 Grandaevus
356 1276 509 1314 Nereus
517 1291 527 1320 ;
547 1277 656 1313 novit
674 1288 840 1325 namque
859 1277 988 1313 omnia
1009 1282 1125 1319 vates,

97 1329 193 1376 Quae
213 1336 314 1374 sunt,
336 1342 421 1377 quae
439 1329 608 1373 fuerunt,
630 1342 714 1377 quae
733 1342 825 1367 mox
843 1336 1010 1366 ventura
1027 1330 1248 1366 trahuntur.

97 1383 252 1432 Quippe
271 1384 325 1420 ita
345 1383 531 1432 Neptuno
553 1384 677 1420 visum
698 1388 767 1427 est,
787 1383 970 1420 immania
989 1382 1100 1431 cujus

94 1438 287 1473 Armenta
307 1443 345 1473 et
364 1442 497 1485 turpes
518 1436 639 1484 pascit
658 1437 730 1473 sub
748 1437 905 1485 gurgite
924 1437 1077 1484 phocas.
1208 1437 1285 1473 395

95 1489 175 1526 Hic
194 1490 277 1534 tibi,
299 1497 399 1533 nate,
421 1490 529 1539 prius
549 1489 687 1527 vinclis
707 1490 927 1538 capiendus,
949 1496 992 1526 ut
1010 1501 1162 1526 omnem

95 1543 292 1592 Expediat
311 1544 435 1580 morbi
455 1555 620 1587 causam,
642 1549 881 1591 eventusque
900 1543 1096 1580 secundet.

94 1597 198 1633 Nam
219 1597 302 1633 sine
321 1596 362 1633 vi
381 1609 459 1633 non
480 1596 556 1634 ulla
576 1596 684 1633 dabit
703 1602 904 1645 praecepta,
924 1609 1050 1645 neque
1068 1596 1180 1633 illum

97 1649 254 1687 Orando
273 1650 420 1687 flectes:
442 1650 523 1686 vim
542 1650 678 1686 duram
697 1658 735 1687 et
755 1650 910 1687 vincula
929 1657 1041 1698 capto

95 1703 249 1747 Tende3
269 1703 347 1740 doli
367 1703 513 1741 circum
532 1704 614 1740 haec
634 1704 788 1740 demum
807 1702 1037 1752 frangentur
1055 1702 1202 1740 inanes.

93 1756 185 1806 Ipsa
208 1769 280 1805 ego
298 1763 349 1800 te,
371 1757 516 1794 medios
535 1769 622 1794 cum
646 1756 710 1794 Sol
731 1757 949 1794 accenderit
968 1763 1095 1801 aestus,
1206 1757 1279 1793 401

96 1810 197 1848 Cum
218 1810 354 1847 sitiunt
374 1811 515 1855 herbae,
537 1816 575 1847 et
595 1810 724 1859 pecori
737 1809 821 1858 jam
839 1811 986 1859 gratior
1006 1811 1142 1846 umbra
1160 1816 1231 1853 est,

93 1864 143 1901 In
163 1870 310 1900 secreta
329 1864 434 1900 senis
455 1864 603 1907 ducam,
623 1875 700 1911 quo
718 1862 842 1900 fessus
861 1864 909 1900 ab
930 1863 1043 1900 undis

97 1917 147 1953 Se
166 1917 315 1965 recipit,
335 1916 448 1953 facile
468 1922 511 1953 ut
531 1928 662 1953 somno
677 1916 902 1964 adgrediare
914 1915 1123 1964 jacentem.

93 1970 244 2007 Verum
264 1970 329 2006 ubi
350 1977 568 2018 correptum
586 1970 764 2006 manibus
785 1969 997 2017 vinclisque
1015 1969 1176 2014 tenebis,
1205 1969 1285 2005 405

95 2024 199 2060 Tum
222 2023 338 2060 variae
357 2023 513 2060 eludent
534 2023 680 2071 species
699 2029 814 2072 atque
834 2035 902 2060 ora
919 2023 1105 2060 ferarum.

93 2077 184 2114 Fiet
203 2077 306 2113 enim
328 2077 455 2113 subito
477 2089 540 2113 sus
560 2076 752 2121 horridus,
772 2082 933 2124 atraque
950 2076 1079 2124 tigris,

97 2132 410 2178 squamosusque
429 2131 554 2173 draco,
576 2137 614 2166 et
632 2129 743 2166 fulva
762 2130 914 2166 cervice
932 2129 1069 2173 leaena;

93 2186 180 2220 Aut
200 2196 326 2220 acrem
345 2184 507 2220 flammae
527 2183 695 2220 sonitum
715 2183 822 2220 dabit
843 2189 959 2231 atque
976 2184 1033 2220 ita
1050 2181 1189 2219 vinclis

92 2237 277 2280 Excidet3
297 2242 363 2273 aut
382 2237 424 2273 in
444 2249 561 2285 aquas
581 2243 715 2273 tenues
734 2237 903 2285 dilapsus
923 2236 1060 2273 abibit.
1202 2236 1282 2272 410

97 2290 184 2334 Sed,
205 2296 349 2337 quanto
368 2291 433 2327 ille
451 2290 574 2339 magis
593 2289 734 2327 formas
754 2302 794 2327 se
813 2296 939 2326 vertet
957 2291 998 2326 in
1018 2301 1159 2335 omnes,

95 2343 234 2386 Tanto,
256 2350 359 2388 nate,
379 2344 502 2392 magis
522 2344 710 2380 contende
729 2343 880 2380 tenacia
899 2343 1037 2389 vincla,

94 2396 229 2433 Donec
248 2396 337 2433 talis
357 2397 441 2440 erit,
462 2403 610 2434 mutato
629 2409 800 2445 corpore,
819 2396 970 2444 qualem

94 2449 264 2494 Videris,
285 2450 438 2499 incepto
457 2456 605 2498 tegeret
623 2463 709 2487 cum
730 2449 875 2486 lumina
894 2462 1037 2486 somno.
