1414 2666
183 146 233 185 56
579 159 614 186 P.
645 158 770 187 ovmn
784 158 955 187 xNAsoms
1247 149 1344 202 [ΠΒ.
1365 186 1369 190 .

183 254 281 291 Nam
297 254 370 292 duo
390 260 500 293 sunt:
531 254 681 293 Austris
693 256 752 293 hic
771 261 838 302 est,
858 255 1107 304 Aquilonibus
1125 256 1187 294 ille

238 307 446 346 Proximus.
503 309 539 345 A
559 314 670 347 vento
690 323 826 347 nomen
842 316 997 358 uterque
1013 315 1132 349 tenet.

186 361 281 397 Cum
302 363 438 399 croceis
457 375 582 399 rorare
600 363 705 411 genis
725 363 902 401 Tithonia
916 363 1053 412 conjux

240 415 412 464 Coeperit,
433 421 469 453 et
486 416 625 465 quintae
643 423 811 466 tempora
829 416 921 454 lucis
940 422 1028 466 aget
1045 431 1053 461 ;

186 468 270 505 Sive
290 480 345 506 est
363 469 631 519 Arctophylax,
655 470 732 507 sive
750 475 806 507 est
820 471 926 519 piger
938 471 1001 508 ille
1021 470 1182 516 Bootes;
1265 470 1341 508 405

184 523 188 526 ’
243 523 446 571 Mergetur,
465 523 563 560 visus
578 524 800 573 effugietque
818 530 913 562 tuos.

185 579 238 616 At
258 590 332 613 non
352 576 504 625 effugiet
519 576 766 615 Vindemitor.
824 579 910 615 Hoc
930 589 1076 627 quoque
1091 590 1241 616 causam

241 630 352 668 Unde
372 630 495 668 trahat
509 631 621 676 sidus,
644 644 758 680 parva
777 633 910 670 docere
926 644 1029 669 mora
1043 637 1112 670 est.

185 684 370 733 Ampelon
389 683 578 721 intonsum
599 684 742 734 Satyris
756 686 1004 736 Nymphaque
1023 690 1188 723 creatum

239 738 373 775 Fertur
390 738 430 773 in
449 737 610 775 Ismariis
631 738 800 777 Bacchus
820 751 959 776 amasse
971 739 1087 788 jugis.
1264 739 1341 778 410

187 791 360 830 Tradidit
379 791 464 827 huic
482 791 595 828 vitem
613 793 836 840 pendentem
855 792 1049 829 frondibus
1075 791 1190 837 ulmi;

241 845 333 890 Quae
354 857 453 881 nunc
473 844 519 881 de
538 845 641 893 pueri
662 847 811 883 nomine
829 858 965 883 nomen
982 846 1110 883 habet.

186 900 288 937 Dum
308 898 400 946 legit
418 898 457 934 in
476 910 578 934 ramo
597 899 714 947 pictas
731 900 947 937 temerarius
965 912 1066 945 uvas,

239 952 393 989 Decidit
409 963 416 987 τ
434 951 606 988 amissum
625 951 738 990 Liber
757 953 796 990 in
816 959 915 991 astra
931 953 1045 992 venit.

188 1063 322 1099 Sextus
341 1059 405 1096 ubi
425 1058 575 1097 Oceano
595 1058 770 1097 clivosum
789 1061 934 1098 scandit
953 1060 1155 1111 Olympum
1271 1062 1346 1100 415

241 1114 411 1158 Phoebus,
433 1118 470 1151 et
489 1114 594 1151 alatis
608 1114 747 1151 aethera
766 1115 884 1164 carpit
901 1115 1026 1163 equis;

190 1168 364 1216 Quisquis
383 1167 482 1212 ades,
502 1180 674 1217 canaeque
692 1168 781 1205 colis
800 1169 1003 1218 penetralia
1021 1169 1159 1215 Vestae,

242 1222 395 1259 Cratera
411 1220 531 1258 Iliacis
550 1221 732 1269 thuraque
750 1235 847 1271 pone
865 1222 970 1259 focis.

190 1275 346 1314 Caesaris
364 1274 577 1319 innumeris,
599 1288 706 1323 quem
725 1276 856 1313 maluit
874 1275 936 1312 ille
954 1272 1097 1321 mereri,

241 1328 407 1366 Accessit
425 1328 543 1365 titulis
562 1329 782 1377 pontificalis
801 1329 930 1366 honos.
1278 1330 1355 1367 420

190 1383 345 1432 Ignibus
365 1381 513 1419 aeternis
532 1383 661 1418 aeterni
675 1383 827 1419 numina
846 1387 1012 1432 praesunt

243 1436 412 1473 Caesaris.
466 1434 616 1484 Imperii
634 1435 790 1484 pignora
802 1435 936 1485 juncta
953 1436 1068 1473 vides.

190 1491 251 1528 De
270 1489 405 1527 veteris
425 1488 547 1536 Trojae
566 1489 783 1537 dignissima
801 1490 927 1538 praeda
945 1489 1080 1536 favilla,

245 1544 330 1589 Qua
348 1542 470 1591 gravis
490 1542 622 1579 AEneas
641 1548 745 1580 tutus
765 1543 811 1580 ab
829 1543 935 1581 hoste
951 1543 1044 1588 fuit3
1368 1542 1390 1558 ⁶

191 1598 310 1635 Ortus
329 1597 376 1634 ab
395 1596 511 1633 AEnea
530 1597 652 1644 tangit
671 1602 829 1645 cognata
847 1597 1017 1635 sacerdos
1278 1597 1354 1635 425

244 1651 429 1693 Numina3
460 1655 670 1698 cognatum,
694 1650 821 1695 Vesta,
842 1655 948 1688 tuere
966 1654 1092 1700 caput.

193 1704 297 1749 Quos
317 1709 443 1741 sancta
461 1704 560 1741 fovet
576 1703 638 1740 ille
657 1717 779 1749 manu,
800 1705 896 1741 bene
914 1705 1037 1742 vivitis
1055 1705 1175 1753 ignes.

245 1758 371 1796 vivite
389 1757 615 1803 inexstincti,
638 1757 857 1807 flammaque
876 1758 1036 1808 duxque,
1056 1771 1201 1813 precor.

194 1865 281 1901 Una
299 1868 389 1899 nota
407 1866 463 1898 est
483 1860 615 1899 Martis
634 1861 754 1898 Nonis
770 1874 778 1898 :
809 1866 951 1900 sacrata
969 1863 1071 1911 quod
1088 1863 1160 1901 illis

247 1915 402 1964 Templa
420 1919 555 1963 putant
571 1914 673 1951 lucos
692 1914 844 1963 Vejovis
860 1921 948 1953 ante
967 1916 1074 1953 duos.
1282 1918 1358 1956 430

193 1970 377 2009 Romulus
396 1973 439 2005 ut
458 1980 545 2004 saxo
564 1968 688 2004 lucum
708 1968 952 2006 circumdedit
972 1969 1062 2015 alto,

247 2023 426 2069 Quilibet,
446 2021 530 2066 huc,
552 2021 682 2069 inquit,
703 2022 882 2070 confuge;
902 2027 1008 2060 tutus
1027 2024 1113 2061 eris.

195 2078 230 2116 O
250 2090 359 2125 quam
379 2076 425 2112 de
445 2075 549 2112 tenui
568 2075 762 2112 Romanus
780 2076 923 2124 origine
941 2076 1082 2115 crevit!

249 2131 377 2168 Turba
395 2133 501 2166 vetus
521 2141 629 2177 quam
648 2141 725 2165 non
743 2129 928 2167 invidiosa
945 2130 1017 2168 fuit
1036 2130 1045 2168 !

194 2185 254 2222 Ne
273 2190 399 2222 tamen
420 2183 552 2231 ignaro
570 2182 715 2220 novitas
734 2183 803 2221 tibi
821 2183 982 2221 nominis
1000 2184 1134 2231 obstet,
1282 2185 1358 2224 435

248 2238 363 2275 Disce
382 2237 463 2286 quis
481 2237 551 2274 iste
568 2236 670 2282 deus,
691 2249 802 2274 curve
819 2242 973 2275 vocetur
989 2237 1056 2276 ita.

195 2292 345 2341 Jupiter
364 2297 420 2329 est
433 2289 582 2339 juvenis
598 2303 606 2327 :
630 2289 815 2338 juveniles
833 2291 981 2340 adspice
998 2291 1124 2330 vultus
1139 2305 1149 2330 :

249 2345 412 2394 Adspice
431 2343 566 2380 deinde
585 2356 734 2381 manum
749 2357 758 2381 :
778 2344 934 2381 fulmina
950 2345 1053 2383 nulla
1070 2349 1187 2386 tenet.

196 2399 380 2446 Fulmina,
401 2401 485 2449 post
504 2409 610 2436 ausos
630 2397 762 2436 coelum
781 2397 951 2437 affectare
967 2398 1145 2449 gigantaS,
