1414 2666
171 172 222 211 26
566 182 603 209 Ρ.
630 182 756 210 ovnm
781 182 943 211 NAsoms
1237 173 1346 225 [nm-⁴

173 279 369 318 Proximus
389 278 589 328 Hesperias
605 279 718 319 Titan
732 280 899 318 abiturus
917 279 958 317 in
977 280 1095 318 undas

228 334 407 371 Gemmea
425 333 619 383 purpureis
638 347 721 371 cum
734 334 829 383 juga
847 334 963 372 demit
980 334 1078 382 equis
1097 347 1107 379 ;

172 388 241 425 Illa
254 392 363 424 nocte
377 387 516 435 aliquis,
536 387 670 425 tollens
684 388 732 425 ad
750 388 871 425 sidera
887 387 1044 434 vultum,
1284 389 1334 429 75

225 441 348 485 Dicet,
372 440 448 477 Ubi
467 446 523 478 est
537 441 658 487 hodie,
679 454 760 490 quae
780 441 883 491 Lyra
898 441 1004 479 fulsit
1019 441 1099 479 heri
1116 441 1137 479 ἱ)

173 496 348 543 Dumque
367 494 506 544 Lyram
524 501 676 542 quaeret,
695 495 807 533 medii
821 507 967 543 quoque
984 500 1092 545 terga
1109 495 1249 535 Leonis

225 549 269 586 In
288 548 443 596 liquidas
463 549 586 586 subito
606 561 724 586 mersa
740 549 885 587 notabit
904 561 1026 597 aquas.

173 656 294 701 Quem
316 653 426 690 modo
444 654 612 691 caelatum
633 653 746 691 stellis
765 653 953 703 Delphina
970 653 1134 699 videbas,

224 707 259 744 Is
278 707 395 756 fugiet
413 707 510 744 visus
530 718 639 746 noete
657 712 831 755 sequente
849 712 949 745 tuos.
1287 709 1338 747 80

174 762 243 799 Seu
264 761 334 798 fuit
353 761 505 798 occultis
522 761 611 798 felix
628 761 668 797 in
687 761 872 798 amoribus
890 761 1004 798 index
1019 773 1029 804 3

225 815 386 851 Lesbida
400 826 483 851 cum
503 814 654 851 domino
675 827 738 851 seu
757 814 844 852 tulit
861 814 924 851 ille
938 815 1072 864 lyram.

174 869 287 914 Quod
298 880 398 904 mare
412 880 488 904 non
506 867 622 913 novit,
644 880 724 916 quae
744 867 862 906 nescit
879 868 1022 905 Ariona
1039 868 1149 906 tellus
1166 868 1187 907 ⁶?

225 922 399 959 Carmine
418 926 609 958 currentes
627 921 689 958 ille
708 922 861 959 tenebat
879 933 1005 970 aquas.

176 977 281 1025 Saepe
300 987 454 1023 sequens
474 988 606 1024 agnam
625 975 733 1025 lupus
752 980 808 1013 est
826 975 896 1013 hac
913 988 1003 1012 voce
1020 980 1188 1014 retentus
1205 989 1216 1022 ;
1288 977 1339 1016 85

226 1031 332 1078 Saepe
351 1029 499 1065 avidum
519 1029 664 1077 fugiens
683 1029 820 1067 restitit
839 1042 937 1078 agna
954 1029 1082 1079 lupum
1103 1043 1113 1067 :

175 1083 279 1131 Saepe
299 1095 406 1120 canes
424 1083 639 1132 leporesque
653 1084 783 1120 umbra
797 1084 957 1120 cubuere
975 1083 1044 1120 sub
1061 1096 1136 1121 una
1155 1096 1165 1121 :

228 1137 277 1174 Et
297 1138 400 1174 stetit
419 1137 457 1173 in
485 1149 573 1173 saxo
592 1137 761 1185 proxima
778 1150 886 1174 cerva
902 1137 969 1174 leae
989 1149 997 1174 :

173 1191 223 1228 Et
244 1191 321 1227 sine
332 1190 405 1230 xlite
423 1190 558 1238 loquax
576 1203 657 1227 curn
682 1190 841 1228 Palladis
855 1191 943 1229 alite
961 1189 1090 1228 cornix

225 1244 328 1282 Sedit
348 1258 355 1281 :
387 1249 424 1281 et
443 1244 607 1292 accipitri
621 1244 754 1292 juncta
772 1245 943 1281 columba
961 1244 1044 1282 fuit.
1287 1246 1337 1284 90

177 1298 341 1348 Cynthia
360 1310 458 1346 saepe
476 1298 550 1335 tuis
567 1298 694 1344 fertur,
716 1298 851 1336 vocalis
871 1298 1003 1343 Arion,

227 1352 417 1400 Tanquam
439 1351 610 1388 fraternis
630 1352 862 1401 obstupuisse
880 1352 1013 1388 modis.

173 1405 318 1443 Nomen
340 1405 534 1442 Arionium
558 1405 697 1442 Siculas
715 1405 933 1454 impleverat
951 1406 1086 1450 urbes;

227 1459 419 1509 Captaque
438 1464 518 1495 erat
536 1458 661 1507 lyricis
680 1459 843 1496 Ausonis
862 1471 927 1496 ora
945 1459 1055 1496 sonis.

173 1513 267 1551 Inde
287 1512 434 1549 domum
453 1521 623 1561 repetens
642 1512 795 1562 puppim
817 1513 1029 1550 conscendit
1047 1513 1178 1560 Arion,
1286 1513 1336 1553 95

228 1568 352 1615 Atque
370 1567 423 1604 ita
442 1566 614 1615 quaesitas
634 1571 713 1604 arte
724 1567 866 1604 ferebat
885 1579 989 1616 opes.

174 1621 358 1665 Forsitan,
379 1620 517 1664 infelix,
534 1626 664 1657 ventos
683 1621 896 1669 undamque
910 1621 1066 1658 timebas
1085 1634 1095 1665 ;

225 1675 278 1712 At
292 1674 361 1712 tibi
380 1687 472 1710 nave
490 1680 554 1711 tua
572 1673 689 1711 tutius
709 1687 833 1723 aequor
851 1679 944 1712 erat.

172 1728 344 1776 Namque
362 1728 590 1776 gubernator
605 1728 783 1765 destricto
802 1728 971 1766 constitit
989 1741 1090 1775 ense,

226 1782 442 1830 Caeteraque
461 1787 602 1819 armata
621 1782 766 1818 conscia
780 1782 890 1819 turba
907 1795 1034 1819 manu.
1260 1783 1337 1821 100

175 1836 277 1880 Quid
296 1836 363 1873 tibi
384 1848 467 1872 cum
485 1835 611 1883 gladio
631 1835 649 1871 Ρ
679 1835 828 1872 dubiam
843 1848 942 1884 rege,
963 1836 1101 1881 navita,
1121 1836 1263 1887 pinum.

225 1888 312 1926 Non
331 1894 418 1926 sunt
435 1888 514 1925 haec
534 1888 660 1936 digitis
680 1901 780 1925 arma
800 1889 962 1926 tenenda
981 1889 1066 1927 tuis.

171 1943 240 1980 Ille
258 1948 357 1979 metu
376 1942 542 1992 pavidus,
565 1942 725 1979 Mortem
745 1955 821 1979 non
840 1943 1027 1992 deprecor,
1048 1944 1193 1992 inquit;

225 1997 299 2034 Sed
312 1996 421 2033 liceat
441 2002 563 2033 sumta
581 2008 697 2044 pauca
714 1997 850 2033 referre
868 1996 963 2046 lyra.

172 2052 278 2088 Dant
297 2050 454 2094 veniam,
475 2049 670 2098 ridentque
689 2062 840 2087 moram.
896 2049 1007 2100 Capit
1023 2050 1086 2089 ille
1104 2064 1300 2096 coronam;

224 2105 317 2149 Quae
336 2103 451 2153 possit
471 2103 601 2147 crines,
624 2103 772 2148 Phoebe,
795 2104 926 2141 decere
944 2109 1045 2142 tuos.
1257 2105 1333 2144 105

172 2157 350 2196 Induerat
372 2157 487 2206 Tyrio
505 2157 562 2193 bis
580 2157 736 2194 tinctam
757 2158 894 2194 murice
912 2158 1048 2209 pallam
1063 2171 1072 2196 :

224 2212 407 2248 Reddidit
425 2211 498 2248 icta
517 2223 601 2248 suos
620 2211 751 2260 pollice
770 2211 909 2248 chorda
926 2224 1046 2250 sonos.

172 2265 373 2302 Flebilibus
386 2265 499 2301 veluti
520 2265 679 2301 numeris
698 2265 869 2303 canentia
887 2265 981 2303 dura

224 2319 255 2355 T
258 2319 416 2367 rajectus
435 2331 557 2367 penna
575 2325 741 2367 tempora
761 2323 886 2356 cantat
905 2319 998 2356 olor.
1257 2318 1335 2357 110

170 2373 344 2410 Protinus
362 2373 401 2408 in
420 2372 559 2409 medias
579 2378 729 2409 ornatus
748 2373 871 2410 desilit
889 2373 1021 2410 undas.

222 2427 417 2476 Spargitur
435 2425 592 2475 impulsa
611 2426 746 2463 caerula
759 2427 892 2476 puppis
910 2439 1018 2476 aqua.
