1475 2712
76 198 143 249 IL]
600 211 722 238 FASTI.
1192 200 1242 239 39

82 306 264 344 Dixerat:
295 311 505 345 annuerunt
523 307 707 357 Nymphae
727 306 958 344 Tiberinides
977 318 1112 352 omnes,

137 360 305 409 Quaeque
323 361 450 399 colunt
468 361 658 406 thalamos,
681 361 750 397 Ilia
774 361 870 406 diva,
890 366 986 398 tuos.

85 413 199 452 Forte
217 414 288 452 fuit
306 414 409 461 Nais,
430 415 527 452 Lara
541 414 710 452 nomine:
732 415 849 463 prima
868 414 933 451 sed
951 413 1005 450 illi

135 467 249 505 Dicta
267 468 322 505 bis
340 469 532 518 antiquum
552 468 693 518 syllaba
712 481 847 505 nomen
867 474 957 512 erat,
1170 467 1247 506 600

86 519 146 557 Ex
164 521 254 559 vitio
273 522 446 570 positum.
502 522 606 571 Saepe
625 522 678 558 illi
697 522 841 559 dixerat
860 522 982 565 Almo,

137 575 247 621 Nata,
270 581 357 613 tene
374 575 540 624 linguam
557 589 565 618 ;
595 588 663 612 nec
682 581 806 613 tamen
825 575 888 612 illa
907 580 1020 612 tenet.

83 628 191 674 Quae,
213 629 321 666 simul
340 642 382 666 ac
401 629 525 678 tetigit
544 629 570 666 J
574 633 718 666 uturnae
736 637 870 678 stagna
889 629 1037 674 sororis,

137 682 282 731 Effuge,
303 683 364 728 ait,
385 682 507 732 ripas3
530 683 630 720 dicta
646 683 832 732 refertque
850 682 967 720 Jovis.

83 735 152 772 Illa
171 736 283 773 etiam
300 736 325 774 J
328 748 487 773 unonem
506 736 624 783 adiit3
651 737 895 786 miserataque
914 741 1079 785 nuptam,
1170 736 1245 775 605

134 788 256 827 Naida
275 790 299 827 J
303 794 476 828 uturnam
495 790 551 827 vir
568 794 666 836 tuus,
687 790 820 839 inquit,
842 796 951 828 amat.

79 842 230 892 Jupiter
247 843 426 881 intumuit
441 855 450 880 t
478 856 624 894 quaque
644 848 699 882 est
716 857 792 881 non
810 857 876 881 usa
895 844 1071 889 modeste,

134 895 284 946 Eripuit
301 897 478 946 linguam,
500 897 797 946 Mercuriumque
816 903 923 936 vocat
939 910 948 943 3

82 949 178 996 Duc,
199 951 263 996 ait,
285 951 332 988 ad
351 963 476 988 manes
492 965 501 995 ;
530 950 633 989 locus
651 951 714 989 ille
732 952 924 989 silentibus
943 955 1061 1001 aptus.

132 1003 319 1053 Nympha,
340 1005 405 1042 sed
425 1005 580 1042 infernae
599 1005 774 1055 Nympha
791 1006 947 1055 paludis,
968 1005 1049 1044 erit.
1172 1006 1248 1045 610

76 1056 105 1093 J
108 1069 191 1094 ussa
209 1057 314 1094 Jovis
332 1059 428 1096 fiunt
444 1071 452 1102 3
483 1059 623 1108 accepit
641 1059 747 1096 lucus
766 1064 907 1096 euntes.

132 1109 283 1148 Dicitur
301 1112 365 1149 illa
383 1112 470 1149 duci
488 1116 569 1149 tum
587 1112 768 1162 placuisse
786 1113 870 1150 deo.

80 1163 167 1200 Vim
185 1173 293 1214 parat
310 1165 392 1202 hic:
422 1165 528 1203 vultu
548 1179 615 1214 pro
633 1167 754 1203 verbis
773 1167 836 1203 illa
854 1172 1038 1216 precatur,

129 1215 182 1256 Et
199 1217 340 1256 frustra
357 1224 462 1256 muto
481 1219 614 1257 nititur
633 1232 696 1256 ore
714 1220 824 1268 loqui.

80 1270 213 1319 Fitque
231 1272 354 1320 gravis
371 1285 380 1316 3
409 1272 649 1321 geminosque
667 1273 777 1321 parit,
799 1273 862 1322 qui
882 1274 1041 1322 compita
1060 1281 1220 1318 servant,

131 1324 182 1363 Et
201 1325 359 1375 vigilant
378 1332 506 1364 nostra
525 1339 669 1376 semper
687 1327 728 1363 in
747 1327 838 1372 aede,
866 1326 992 1365 Lares.
1171 1329 1246 1366 615

80 1429 254 1466 Proxima
271 1429 420 1478 cognati
440 1429 567 1467 dixere
588 1430 745 1468 Caristia
763 1431 850 1475 cari,

133 1482 184 1520 Et
200 1483 302 1521 venit
321 1483 369 1520 ad
388 1484 503 1521 socias
522 1485 632 1521 turba
650 1484 857 1533 propinqua
884 1484 1010 1533 dapes.

79 1536 227 1574 Scilicet
246 1549 268 1573 a
285 1537 448 1583 tumulis,
470 1542 519 1583 et,
539 1537 600 1586 qui
619 1537 771 1586 periere,
792 1538 1020 1588 propinquis,

129 1589 305 1628 Protinus
324 1591 372 1627 ad
390 1592 491 1628 vivos
509 1604 574 1628 ora
595 1591 729 1628 referre
743 1591 851 1640 juvat
872 1605 880 1628 z
1171 1594 1246 1632 620

78 1643 242 1692 Postque
261 1648 319 1682 tot
338 1644 498 1690 amissos,
520 1645 698 1694 quicquid
715 1644 763 1681 de
781 1645 961 1693 sanguine
979 1651 1104 1691 restat,

130 1697 345 1746 Adspicere,
366 1702 404 1735 et
422 1699 568 1748 generis
587 1699 821 1735 dinumerare
838 1699 988 1747 gradus.

78 1750 236 1788 Innocui
254 1751 406 1790 veniant
422 1765 430 1789 ε
460 1752 588 1801 procul
607 1752 705 1798 hinc,
726 1753 855 1801 procul
872 1753 1006 1802 impius
1026 1758 1105 1791 esto

131 1804 272 1849 Frater,
294 1813 332 1843 et
351 1805 390 1841 in
407 1811 536 1855 partus
553 1810 671 1843 mater
691 1806 823 1843 acerba
841 1819 927 1843 suos
942 1820 950 1843 :

79 1857 152 1895 Cui
169 1862 274 1907 pater
293 1863 349 1896 est
367 1859 486 1905 vivax,
507 1859 571 1908 qui
589 1859 718 1896 matris
737 1859 874 1908 digerit
893 1872 1009 1897 annos
1030 1874 1037 1897 :
1164 1861 1240 1898 625

132 1911 227 1956 Quae
246 1912 381 1960 premit
397 1913 553 1950 invisam
573 1925 698 1950 socrus
715 1913 843 1961 iniqua
861 1926 1010 1951 nurum.

77 1964 290 2003 Tantalidae
311 1965 442 2004 fratres
461 1967 596 2012 absint,
617 1970 655 2004 et
674 1966 815 2004 Iasonis
834 1980 939 2013 uxor,

132 2018 182 2056 Et
200 2031 283 2068 quae
302 2020 471 2057 ruricolis
490 2020 629 2057 semina
648 2024 747 2058 tosta
766 2020 870 2058 dedit
886 2034 894 2058 :

76 2071 130 2109 Et
149 2084 264 2117 soror,
283 2077 321 2110 et
339 2073 494 2118 Procne,
519 2073 732 2122 Tereusque
751 2073 894 2111 duabus
913 2074 1060 2123 iniquus
1076 2089 1084 2112 ε

132 2125 182 2163 Et
200 2126 410 2175 quicunque
429 2140 512 2164 suas
530 2139 596 2176 per
614 2127 732 2164 scelus
750 2132 864 2176 auget
882 2141 981 2177 opeS.
1168 2128 1244 2167 630

78 2178 148 2215 Dis
166 2179 313 2228 generis
331 2180 418 2218 date
437 2181 549 2218 thura
566 2180 696 2224 bonis3
719 2180 927 2219 Concordia
944 2181 1062 2219 fertur

129 2231 199 2269 Illo
216 2233 399 2282 praecipue
418 2235 516 2272 mitis
535 2234 662 2271 adesse
680 2233 752 2272 die.

78 2285 129 2324 Et
148 2285 262 2323 libate
281 2287 416 2336 dapes:
437 2293 480 2326 ut
498 2287 596 2337 grati
614 2287 749 2336 pignus
765 2287 916 2326 honoris

130 2339 306 2378 Nutriate
323 2341 504 2379 incinctos
521 2341 630 2378 missa
649 2341 785 2390 patella
803 2341 932 2380 Lares.

78 2393 237 2441 Jamque
257 2394 321 2431 ubi
339 2395 509 2433 suadebit
526 2394 691 2444 placidos
708 2406 784 2432 nox
802 2395 932 2434 ultima
951 2409 1109 2443 somnos,
1169 2397 1243 2435 635

134 2445 259 2496 Larga
276 2454 480 2498 precaturae
501 2448 634 2487 sumite
652 2448 738 2485 vina
756 2461 890 2486 manu:
