1414 2666
136 99 159 133 8
594 103 786 131 AENEIDOS
810 103 837 131 1.

135 204 267 241 Miscet
287 214 400 251 agens
416 200 499 239 telis
519 212 669 238 nemora
686 201 785 239 inter
803 199 959 238 frondea
976 201 1136 239 turbam.
1219 202 1295 243 195

133 257 214 294 Nec
233 256 333 306 prius
353 254 506 297 absistit,
528 267 635 304 quam
658 260 801 304 septem
819 254 986 302 ingentia
1004 254 1122 292 victor

134 311 300 360 Corpora
317 310 449 346 fundat
469 308 580 353 humi,
596 314 635 345 et
653 320 847 345 numerum
867 321 951 345 cum
970 309 1127 346 navibus
1143 314 1290 359 aequet.

132 364 236 401 Hinc
255 369 402 413 portum
425 361 528 411 petit,
549 367 587 399 et
606 362 722 398 socios
740 361 897 410 partitur
915 361 954 398 in
973 361 1103 400 omnis.

132 418 241 463 Vina,
263 418 381 454 bonus
400 428 504 465 quae,
520 415 666 460 deinde,
688 415 789 452 cadis
808 421 980 453 onerarat
995 416 1152 453 Acestes

131 472 278 509 Littore
299 469 501 512 Trinacrio,
522 468 750 518 dederatque
768 469 990 506 abeuntibus
1008 468 1128 515 heros,
1218 468 1296 507 200

132 525 291 568 Dividit,
313 530 350 561 et
369 522 477 560 dictis
496 522 699 559 moerentia
717 527 866 571 pec-tora
884 522 1040 560 mulcet:

183 578 218 616 O
239 578 347 615 socii!
378 589 498 625 neque
515 576 611 613 enim
631 575 751 624 ignari
771 589 896 612 sumus
914 581 1001 614 ante
1019 575 1198 613 malorum
1215 589 1224 621 3

129 632 166 671 Ο
184 632 280 682 passi
299 631 468 680 graviora
487 629 495 667 Ξ
524 629 629 668 dabit
649 629 753 666 Deus
771 629 826 666 his
846 642 992 678 quoque
1010 630 1134 666 finem.

129 687 207 724 Vos
227 692 264 723 et
284 685 487 734 Scyllaeam
507 683 642 720 rabiem
663 683 884 732 penitusque
897 683 1061 722 sonantis

130 740 299 778 Accestis
319 738 512 787 scopulos:
542 750 607 774 vos
625 743 664 774 et
684 736 870 786 Cyclopea
888 749 975 774 saxa
1213 735 1291 773 205

130 794 299 843 Experti.
358 793 545 828 Revocate
563 790 716 835 animos,
736 798 989 838 moestumque
1006 789 1176 828 timorem

130 848 294 886 Mittite:
324 846 447 883 forsan
467 851 505 882 et
523 844 613 881 haec
627 844 713 880 olim
733 843 941 880 meminisse
955 843 1118 892 juvabit.

131 902 203 940 Per
223 902 341 937 varios
356 912 472 942 casnm,
494 911 559 947 per
577 903 634 935 tot
654 897 865 934 discrimina
883 909 1019 942 rerum,

132 956 336 993 Tendimus
355 954 393 989 in
414 952 562 989 Latium
584 964 592 995 ;
622 951 727 988 sedes
741 950 805 987 ubi
823 950 900 987 fata
919 951 1063 999 quietas

131 1009 348 1048 Ostendunt
368 1020 376 1050 ;
406 1005 481 1042 illic
499 1005 553 1042 fas
572 1017 688 1053 regna
706 1016 900 1052 resurgere
919 1004 1064 1053 Trojae.
1216 1004 1295 1042 210

132 1064 291 1107 Durate,
313 1066 351 1098 et
371 1065 513 1097 vosmet
532 1059 641 1096 rebus
660 1067 804 1096 servate
823 1058 1006 1095 secundis.

181 1117 286 1153 Talia
306 1127 393 1152 voce
413 1114 524 1150 refert
542 1125 551 1157 ;
581 1112 753 1161 curisque
772 1111 987 1160 ingentibus
1007 1123 1117 1160 aeger

128 1171 238 1221 Spem
258 1170 359 1206 voltu
381 1168 538 1211 simulat,
558 1166 690 1215 premit
709 1165 825 1203 altum
844 1165 955 1202 eorde
973 1165 1150 1203 dolorem.

129 1223 188 1263 Illi
207 1237 246 1261 se
263 1223 420 1273 praedae
439 1221 638 1268 accingunt
657 1219 887 1268 dapibusque
905 1219 1037 1256 futuris
1053 1233 1061 1257 :

128 1279 294 1327 Tergora
313 1276 499 1325 deripiunt
517 1274 639 1318 costis,
660 1279 698 1310 et
717 1273 854 1309 viscera
868 1273 1026 1310 nudant.
1211 1271 1290 1310 215

129 1333 221 1370 Pars
239 1333 277 1368 in
297 1330 412 1367 frusta
432 1333 568 1372 secant,
591 1327 809 1375 veribusque
827 1326 1023 1364 trementia
1041 1327 1187 1376 figunt:
1234 1371 1239 1376 ¹

129 1387 274 1424 Littore
294 1388 385 1421 aena
405 1383 527 1420 locant
546 1381 619 1425 alii,
637 1381 872 1428 flammasque
891 1380 1114 1419 ministrant.

130 1441 226 1478 Tum
246 1439 345 1475 victu
361 1442 535 1474 revocant
554 1435 672 1478 vires3
701 1434 846 1482 fusique
866 1446 929 1482 per
948 1433 1098 1472 herbam

128 1494 335 1543 Implentur
354 1491 489 1528 veteris
510 1488 646 1526 Bacchi
663 1488 884 1537 pinguisque
903 1487 1053 1525 ferinae.

128 1549 327 1596 Postquam
343 1549 514 1593 exempta
527 1543 639 1580 fames
654 1542 781 1591 epulis,
799 1553 1018 1590 mensaeque
1029 1545 1202 1588 remotae,
1212 1540 1290 1578 220

128 1602 296 1639 Amissos
314 1600 428 1647 longo
443 1597 560 1634 socios
579 1608 747 1633 sermone
764 1594 971 1643 requirunt,

127 1656 311 1705 Spemque
330 1661 541 1700 metumque
560 1650 657 1687 inter
676 1649 790 1694 dubii,
812 1660 875 1684 seu
891 1649 1012 1685 vivere
1030 1649 1194 1695 credant,

128 1710 214 1748 Sive
233 1715 396 1745 extrema
417 1705 505 1754 pati.
526 1717 594 1740 nec
607 1703 685 1752 jam
707 1702 882 1739 exaudire
899 1707 1060 1740 vocatos.

127 1762 329 1809 Praecipue
348 1760 430 1808 pius
450 1759 605 1803 Aeneas,
626 1769 728 1794 nunc
746 1756 838 1793 acris
860 1756 1007 1801 Oronti,

124 1817 236 1855 Nunc
256 1814 388 1863 Amyci
408 1825 529 1849 casum
549 1811 678 1860 gemit,
693 1816 730 1849 et
750 1809 912 1847 crudelia
924 1822 1051 1846 ,secum
1210 1808 1289 1846 225

126 1871 219 1909 Fata
238 1868 342 1918 Lyci,
364 1868 569 1914 fortemque
590 1864 712 1914 Gyan,
732 1864 938 1912 sortemque
959 1862 1197 1901 Cloanthum.

178 1925 228 1962 Et
242 1923 319 1972 jam
338 1921 422 1957 finis
440 1926 519 1956 erat
539 1931 547 1955 ε
577 1930 689 1966 quum
710 1917 873 1966 Jupiter,
893 1917 1042 1954 aethere
1061 1929 1205 1954 summo

125 1977 343 2027 Despiciens
362 1986 461 2010 mare
479 1972 686 2016 velivolum,
706 1977 894 2020 terrasque
907 1970 1078 2018 jacentis,

126 2033 357 2079 Littoraque,
378 2035 413 2065 et
434 2028 527 2065 latos
546 2025 713 2075 populos,
733 2025 784 2062 sic
804 2025 940 2062 vertice
958 2025 1050 2061 coeli

127 2085 319 2127 Constitit,
339 2088 376 2120 et
396 2081 537 2130 Libyae
556 2079 687 2116 defixit
704 2078 844 2116 lumina
863 2078 998 2126 regnis.
1208 2077 1287 2116 230

131 2144 156 2176 Α
164 2147 252 2189 tque
271 2138 386 2178 illum,
408 2135 491 2172 talis
503 2133 707 2182 jactantem
727 2138 876 2182 pectore
894 2144 1012 2176 curas,

126 2195 158 2230 T
162 2194 296 2231 ristior⁴
313 2197 351 2228 et
370 2188 526 2225 lacrimis
545 2187 669 2224 oculos
689 2187 826 2223 suffusa
844 2185 1008 2230 nitentis,
1208 2221 1211 2226 ,

126 2247 339 2296 Alloquitur
359 2242 508 2279 Venus:
541 2241 574 2278 Ο
594 2241 654 2290 qui
675 2253 732 2277 res
752 2240 1015 2288 hominumque
1034 2237 1216 2290 deumque

128 2300 300 2338 Aeternis
319 2297 416 2345 regis
436 2295 606 2345 imperiis,
627 2301 664 2332 et
682 2294 835 2330 fulmine
852 2299 968 2330 terres
987 2292 996 2329 ἒ

128 2354 229 2401 Quid
249 2366 351 2390 meus
373 2353 517 2387 Aeneas
536 2349 573 2386 in
593 2354 630 2386 te
650 2347 879 2385 committere
897 2351 1057 2391 tantum,
1205 2346 1280 2385 235

1280 1690 1288 1706 ἱ
