1414 2666
149 203 196 239 1-6
446 201 489 238 Ρ.
521 201 769 240 VIRGILII
800 203 1062 243 MARONIS
1223 204 1335 257 [Lm.

142 308 195 344 Et
214 321 298 357 quae
319 321 429 346 mane
450 309 580 355 refert,
601 316 640 347 et
658 323 744 358 quae
763 311 1011 360 surgentibus
1030 313 1156 350 astris.
1259 315 1337 351 440

142 361 214 398 Ille
235 362 300 399 ubi
321 369 543 399 nascentem
563 364 724 401 maculis
746 365 956 402 variaverit
976 371 1117 412 ortum,

141 414 334 452 Conditus
354 416 393 452 in
416 417 570 461 nubem,
591 417 792 465 medioque
812 418 1000 466 refugerit
1020 420 1113 456 orbe
1134 432 1143 456 :

142 467 322 517 Suspecti
343 468 413 505 tibi
433 469 511 506 sint
529 470 697 514 imbres3
717 483 883 520 namque
903 479 1043 521 urguet
1063 473 1110 509 ab
1131 473 1209 510 alto

140 519 436 569 Arboribusque
455 523 625 572 satisque
646 523 775 560 Notus
793 525 998 573 pecorique
1019 526 1186 563 sinister.

141 574 224 612 Aut
244 576 310 612 ubi
331 576 402 612 sub
421 575 546 613 lucem
567 577 685 614 densa
704 578 807 613 inter
827 579 975 616 nubilia
996 591 1078 616 sese
1255 581 1333 618 445

140 626 297 665 Diversi
318 636 498 677 rumpent
519 630 632 673 radii,
653 638 718 667 aut
740 632 804 667 ubi
826 632 968 679 pallida
988 639 1122 681 surget.

141 682 302 718 Tithoni
323 695 498 719 croceum
518 683 695 729 linquens
716 684 873 721 Aurora
893 686 1019 722 cubile
1040 700 1049 729 ;

141 735 245 780 Heu,
265 736 364 772 male
383 743 466 772 tum
486 737 592 773 mitis
613 737 794 774 defendet
815 739 1020 786 pampinus
1042 751 1137 776 uvas

139 788 238 825 Tam
259 789 379 826 multa
399 790 438 825 in
459 791 570 826 tectis
591 791 783 839 crepitans
805 791 892 827 salit
911 792 1067 828 horrida
1085 793 1246 841 grando.

139 841 226 879 Hoc
246 843 374 888 etiam,
396 855 550 879 emenso
571 855 657 880 cum
673 843 756 891 jam
777 844 928 881 decedit
948 844 1127 894 Olympo,
1255 848 1336 884 450

138 894 338 932 Profuerit
358 896 577 933 meminisse
598 897 721 945 magis
740 911 749 939 ;
769 909 858 933 nam
877 910 977 946 saepe
997 899 1175 936 videmus

138 947 270 996 Ipsius
290 948 330 984 in
351 949 464 985 vultu
487 949 613 986 varios
633 962 763 987 errare
782 951 928 988 colores
949 965 959 994 ;

138 1001 339 1039 Caeruleus
358 1002 532 1050 pluviam
555 1004 771 1048 denuntiat,
793 1004 931 1053 igneus
952 1004 1079 1042 Euros
1101 1020 1111 1049 3

140 1053 209 1092 Sin
228 1055 387 1092 maculae
406 1056 595 1103 incipient
613 1056 730 1094 rutilo
750 1057 1003 1095 immiscerier
1021 1059 1117 1105 igni,

137 1107 281 1146 Omnia
300 1115 383 1145 tum
405 1109 551 1157 pariter
569 1116 688 1146 vento
708 1111 929 1159 nimbisque
949 1112 1102 1149 videbis
1253 1114 1332 1151 455

137 1160 319 1199 Fervere.
377 1162 469 1199 Non
489 1162 555 1199 illa
574 1164 775 1212 quisquam
796 1176 856 1201 me
877 1171 989 1201 nocte
1008 1178 1077 1214 per
1105 1165 1226 1203 altum

137 1215 212 1259 Ire,
235 1227 358 1263 neque
379 1217 427 1252 ab
447 1221 550 1253 terra
570 1223 724 1253 moneat
743 1217 960 1255 convellere
979 1218 1127 1256 funem.

136 1267 192 1305 At
211 1268 258 1313 si,
277 1281 365 1306 cum
386 1268 603 1316 referetque
623 1270 736 1315 diem,
758 1271 975 1318 condetque
994 1273 1173 1318 relatum,

135 1322 306 1359 Lucidus
326 1323 430 1359 orbis
450 1322 534 1367 erit,
556 1322 701 1360 frustra
721 1325 916 1360 terrebere
935 1325 1089 1369 nimbis,

134 1375 188 1412 Et
207 1375 310 1412 claro
330 1375 446 1412 silvas
465 1388 598 1413 cernes
619 1376 796 1423 aquilone
816 1378 976 1414 moveri.
1254 1380 1334 1418 460

135 1427 323 1477 Denique,
345 1429 439 1477 quid
459 1441 596 1477 vesper
617 1441 726 1466 serus
746 1430 873 1474 vehat,
896 1431 998 1468 unde
1019 1443 1173 1469 serenas

134 1482 289 1519 Ventus
308 1487 395 1531 agat
414 1483 547 1527 nubes,
566 1483 662 1531 quid
681 1484 826 1532 cogitet
845 1484 1027 1522 humidus
1043 1485 1200 1530 Auster,

137 1535 204 1573 Sol
223 1536 296 1572 tibi
317 1536 427 1584 signa
447 1536 566 1573 dabit.
627 1535 753 1573 Solem
774 1537 861 1585 quis
881 1537 1010 1575 dicere
1029 1537 1172 1576 falsum

134 1588 290 1626 Audeat
306 1588 322 1625 Ρ
350 1589 423 1626 Ille
443 1589 559 1626 etiam
578 1601 698 1627 coecos
717 1590 862 1627 instare
877 1591 1067 1628 tumultus

136 1642 247 1691 Saepe
261 1648 402 1687 monet,
423 1641 675 1690 fraudemque
691 1649 729 1680 et
744 1649 879 1692 operta
893 1650 1107 1682 tumescere
1118 1644 1231 1682 bella.
1253 1646 1331 1684 465

134 1695 208 1733 Ille
228 1696 346 1733 etiam
366 1696 560 1733 exstincto
581 1697 785 1733 miseratus
807 1696 959 1735 Caesare
980 1698 1155 1743 Romam,

134 1748 236 1786 Cum
255 1755 371 1798 caput
391 1750 554 1786 obscura
576 1750 742 1787 nitidum
762 1749 960 1799 ferrugine
980 1752 1093 1796 texit,

133 1803 338 1851 Impiaque
357 1808 540 1840 aeternam
559 1803 775 1840 timuerunt
795 1804 934 1841 saecula
953 1810 1116 1842 noctem.

136 1856 330 1905 Tempore
350 1867 580 1904 quamquam
600 1856 667 1893 illo
687 1856 801 1893 tellus
821 1868 972 1905 quoque
993 1863 1031 1895 et
1052 1869 1204 1906 aequora
1223 1858 1332 1907 ponti

135 1908 412 1957 Obscoenaeque
431 1921 545 1946 canes
563 1909 869 1958 importunaeque
890 1911 1064 1948 volucres
1254 1911 1333 1951 470

136 1961 256 2012 Signa
274 1962 431 1999 dabant.
490 1961 652 2008 Quoties
674 1963 889 2012 Cyclopum
909 1963 1096 2002 effervere
1115 1964 1156 2001 in
1176 1977 1288 2015 agros

134 2016 318 2053 Vidimus
338 2016 549 2053 undantem
569 2017 694 2065 ruptis
713 2016 935 2054 fornacibus
956 2017 1131 2063 AEtnam,

134 2069 474 2117 Flammarumque
491 2069 626 2120 globos
647 2070 927 2118 liquefactaque
947 2071 1106 2109 volvere
1124 2083 1219 2109 saxa
1239 2071 1247 2108 Σ

134 2125 348 2160 Armorum
368 2123 537 2160 sonitum
557 2129 637 2160 toto
659 2121 867 2160 Germania
886 2124 982 2162 coelo

136 2177 276 2214 Audiit
294 2191 304 2220 ;
324 2177 490 2214 insolitis
510 2182 754 2214 tremuerunt
772 2177 942 2215 motibus
962 2177 1097 2226 Alpes.
1251 2177 1329 2216 475

135 2229 228 2266 Vox
247 2241 397 2278 quoque
417 2242 485 2278 per
504 2229 609 2267 lucos
630 2230 748 2279 vulgo
767 2231 951 2268 exaudita
970 2231 1127 2269 silentes

136 2283 292 2333 Ingens,
315 2290 352 2320 et
372 2283 577 2321 simulacra
596 2284 720 2321 modis
740 2284 925 2333 pallentia
944 2284 1051 2322 miris

135 2336 234 2373 Visa
250 2337 321 2373 sub
342 2337 549 2374 obscurum
568 2338 704 2383 noctis,
726 2338 966 2386 pecudesque
984 2338 1122 2386 locutae
1142 2352 1152 2381 3

135 2389 346 2427 Infandum
369 2389 376 2426 1
398 2390 541 2427 sistunt
560 2403 703 2436 amnes,
725 2397 912 2439 terraeque
932 2391 1148 2436 dehiscunt,

137 2443 190 2480 Et
210 2449 384 2481 maestum
404 2442 607 2482 illacrimat
628 2444 782 2493 templis
796 2445 902 2491 ebur,
920 2456 1070 2492 aeraque
1081 2444 1235 2482 sudant.
1251 2443 1330 2482 480
