1475 2712
91 187 139 238 1.]
618 191 741 219 ras-rr.
1223 174 1273 213 19

148 291 264 341 Impia
284 302 350 340 per
369 289 450 339 sylv
452 302 490 326 as
509 288 611 325 ultor
629 287 679 325 ad
698 292 807 325 antra
821 286 936 323 venit.

95 345 162 382 Ille
182 345 327 382 aditum
345 343 452 380 fracti
470 346 739 392 praestruxerat
758 339 878 388 objice
892 338 1059 376 montis:

147 398 252 435 Vix
237 410 332 447 juga
349 396 552 434 movissent
571 394 737 443 quinque
756 393 812 430 bis
831 393 926 430 illud
945 405 1051 441 opus.

96 452 242 490 Nititur
257 452 317 488 hic
335 449 510 493 humeris,
532 447 685 497 (coelum
705 459 854 496 quoque
872 446 1020 483 sederat
1039 445 1140 496 illis,)
1191 445 1267 483 565

150 505 200 542 Et
220 509 364 542 vastum
384 508 489 540 motu
504 501 763 539 collabefactat
783 513 889 537 onus.

102 558 217 604 Quod
233 557 341 595 simui
355 556 523 593 evulsum
542 560 609 599 est,
626 554 753 603 fragor
772 553 912 591 aethera
931 552 1067 591 terruit
1087 548 1220 601 ipsum,

145 611 298 660 Ictaque
313 609 479 647 subsedit
497 608 664 658 pondere
679 607 787 644 molis
807 607 955 643 humus.

95 664 219 702 Prima
238 668 363 702 movet
384 663 503 699 Cacus
522 661 658 699 collata
677 660 806 710 praelia
825 660 969 703 dextra,

144 718 315 766 Remque
332 717 438 754 ferox
455 715 552 752 saxis
571 715 836 763 stipitibusque
854 713 964 762 gerit.
1194 710 1274 749 :370

91 771 187 816 Quis
205 772 270 808 ubi
289 770 343 807 nil
362 770 487 818 agitur
507 782 516 813 ;
546 768 685 817 patrias
700 768 797 804 male
816 766 923 803 fortis
943 767 991 803 ad
1017 770 1115 803 artes

143 824 336 872 Confugit,
358 828 396 861 et
414 823 579 859 flammas
595 834 660 859 ore
679 825 836 858 sonante
855 821 984 857 vomit.

95 877 200 923 Quas
220 877 366 926 quoties
386 876 532 926 proflat,
554 875 694 925 spirare
714 873 895 924 Typhoea
916 873 1056 917 credas,

156 931 205 969 Et
226 931 398 980 rapidum
417 930 566 968 AEtnaeo
586 929 707 976 fulgur
722 929 769 965 ab
788 928 877 976 igne
891 927 979 975 jaci.

94 984 265 1034 Occupat
283 984 436 1021 Alcides
452 997 460 1020 ε
491 983 730 1031 adductaque
749 981 855 1019 clava
871 981 1030 1018 trinodis
1193 978 1269 1016 575

144 1038 219 1074 Ter
238 1043 370 1086 quater
389 1036 535 1074 adversi
555 1036 653 1073 sedit
672 1036 712 1072 in
732 1047 797 1072 ore
816 1034 898 1071 viri.

92 1091 159 1128 Ille
177 1091 278 1128 cadit
297 1091 507 1138 mixtosque
526 1089 643 1127 vomit
662 1101 746 1126 cum
766 1088 948 1136 sanguine
967 1086 1100 1131 fumos,

143 1144 195 1182 Et
209 1144 285 1182 lato
304 1144 466 1181 moriens
484 1148 637 1193 pectore
656 1142 802 1191 plangit
822 1141 992 1177 humum.

92 1197 266 1236 Immolat
285 1209 331 1234 ex
350 1197 422 1234 illis
442 1202 592 1235 taurum
614 1196 695 1240 tibi,
716 1195 879 1245 Jupiter,
901 1206 1020 1230 unum

143 1251 289 1296 Victor,
309 1256 347 1289 et
363 1250 581 1288 Evandrum
597 1249 852 1298 ruricolasque
873 1253 994 1285 vocat.
1196 1245 1273 1284 580

89 1304 373 1354 Constituitque
392 1304 472 1349 sibi,
495 1315 578 1352 quae
599 1302 768 1339 Maxima
786 1302 936 1345 dicitur,
959 1313 1073 1347 aram,

143 1358 219 1395 Hie
238 1359 303 1395 ubi
318 1371 403 1407 pars
425 1357 539 1394 Urbis
559 1357 606 1393 de
624 1357 721 1393 bove
739 1368 876 1392 nomen
897 1354 1022 1392 habet.

90 1411 171 1449 Nec
191 1418 291 1450 tacet
312 1411 479 1449 Evandri
495 1415 626 1455 mater,
647 1422 765 1459 prope
778 1414 928 1458 tempus
951 1408 1092 1452 adesse,

144 1465 310 1502 Hercule
328 1477 402 1514 quo
421 1465 535 1502 tellus
550 1464 598 1501 sit
619 1464 709 1501 satis
729 1475 797 1500 usa
817 1475 898 1499 suo.

89 1518 142 1555 At
161 1518 250 1555 felix
269 1523 383 1563 vates,
405 1522 448 1555 ut
466 1518 524 1554 dis
538 1516 751 1566 gratissima
765 1516 870 1560 vixit,
1192 1514 1270 1551 585

144 1572 313 1610 Possidet
332 1572 432 1609 hunc
451 1571 477 1608 J
480 1571 540 1608 ani
562 1571 614 1608 sic
635 1571 706 1607 dea
725 1582 852 1606 mense
871 1569 984 1606 diem.

90 1675 219 1712 Idibus
237 1674 277 1711 in
297 1674 423 1723 magni
442 1679 566 1712 castus
584 1673 611 1711 J
613 1673 691 1711 ovis
709 1673 790 1710 aede
809 1672 981 1710 sacerdos

144 1728 357 1766 Semimaris
375 1728 534 1765 flammis
550 1728 691 1765 viscera
709 1727 803 1764 libat
820 1727 899 1763 ovis
914 1739 922 1763 ε

92 1781 332 1830 Redditaque
350 1786 407 1819 est
425 1782 545 1819 omnis
564 1781 704 1830 populo
723 1780 915 1829 provincia
934 1784 1064 1817 nostro
1086 1792 1093 1815 ε

145 1835 195 1873 Et
214 1841 303 1872 tuus
326 1835 503 1883 Augusto
522 1835 674 1872 nomine
693 1834 817 1871 dictus
837 1846 940 1871 avus.
1192 1829 1271 1869 590

91 1888 248 1937 Perlege
265 1889 462 1937 dispositas
481 1900 658 1936 generosa
675 1900 743 1932 per
761 1887 857 1925 atria
875 1899 977 1924 ceras
997 1899 1006 1929 ;

145 1942 399 1991 Contigerunt
418 1942 513 1979 nulli
532 1942 686 1978 nomina
704 1946 812 1979 tanta
829 1941 922 1977 viro.

89 1993 220 2032 Africa
237 1996 417 2033 victorem
435 1995 484 2032 de
503 2008 542 2033 se
560 2000 670 2033 vocat
691 2008 699 2032 :
729 1994 826 2032 alter
841 1995 1001 2037 Isauras,

141 2049 223 2086 Aut
244 2049 400 2087 Cretum
418 2049 579 2087 domitas
595 2048 819 2086 testificatur
838 2059 940 2097 opes.

91 2101 208 2139 Hunc
221 2102 396 2139 Numidae
413 2102 568 2147 faciunt,
588 2102 695 2139 illum
714 2101 889 2139 Messana
908 2098 1111 2149 superbum
1132 2110 1140 2134 :
1190 2096 1268 2135 595

145 2156 213 2192 Ille
232 2156 466 2193 Numantina
483 2155 600 2193 traxit
619 2155 666 2192 ab
685 2156 778 2192 urbe
798 2160 938 2192 notam.

89 2208 141 2247 Et
159 2213 316 2246 mortem
331 2213 370 2247 et
387 2221 524 2246 nomen
539 2209 667 2246 Druso
687 2208 889 2246 Germania
907 2207 1008 2244 fecit.

144 2262 208 2299 Me
226 2262 414 2308 miserum,
433 2262 553 2300 virtus
572 2274 683 2311 quam
702 2262 825 2299 brevis
844 2261 908 2298 illa
926 2260 997 2298 fuit
1013 2258 1022 2297 l

90 2314 131 2354 Si
149 2320 254 2365 petat
273 2328 295 2353 a
312 2315 430 2361 victis,
450 2320 509 2354 tot
528 2320 650 2353 sumat
669 2315 818 2352 nomina
841 2314 980 2358 Caesar,

144 2369 250 2414 Quot
267 2381 423 2407 numero
439 2374 572 2417 gentes
591 2369 776 2405 maximus
795 2367 895 2405 orbis
914 2367 1041 2404 habet.
1195 2364 1272 2403 600

91 2421 152 2460 Ex
170 2434 248 2460 uno
266 2422 420 2473 quidam
439 2422 614 2468 celebres,
630 2428 697 2460 aut
714 2421 858 2471 torquis
877 2420 1075 2470 ademptae,
