1475 2712
463 217 653 244 anemos
674 216 715 244 11.
1109 204 1170 241 33

18 312 182 353 Haerent
199 315 400 364 parietibus
419 313 536 351 scalae
552 326 560 356 ;
588 318 784 362 postesque
802 312 870 349 sub
889 312 986 360 ipsos

18 367 201 406 Nituntur
220 368 406 416 gradibus,
424 367 631 416 clipeosque
649 367 696 403 ad
716 366 788 403 tela
807 365 962 403 sinistris

14 420 177 459 Protecti
196 422 384 471 objiciunt,
405 426 580 470 prensant
597 420 744 469 fastigia
762 420 913 457 dextris.

14 472 253 512 Dardanidae
270 477 398 513 contra
417 475 541 517 turris,
562 487 603 511 ac
623 480 721 511 tecta
740 473 931 509 domorum
1092 471 1167 506 445

15 526 196 574 Culmina,
217 529 429 566 convellunt
449 541 457 565 ε
487 527 543 564 his
562 540 609 571 se,
632 527 780 576 quando
802 526 929 562 ultima
948 530 1115 568 cernunt,

16 579 190 619 Extrema
203 582 280 630 jam
300 582 338 618 in
352 586 469 618 morte
486 587 618 630 parant
637 580 834 618 defendere
850 579 932 616 telis
953 592 961 621 ;

15 634 253 684 Auratasque
267 636 399 679 trabes,
419 640 583 672 veterum
600 635 735 671 'decora
754 634 827 670 alta
845 638 1050 681 parentum,

16 686 254 726 Devolvunt:
284 689 344 726 alii
364 688 500 726 strictis
520 688 757 725 mucronibus
776 687 866 722 imas
1078 712 1079 715 η

16 739 204 778 Obsedere
223 742 317 780 fores
333 756 341 786 ;
371 742 436 779 has
455 747 604 779 servant
624 741 769 790 agmine
789 740 914 777 denso.
1093 737 1170 773 450

17 793 214 833 Instaurati
234 796 356 841 animi,
376 795 472 843 regis
491 807 702 833 succurrere
720 794 838 837 tectis,

12 847 235 898 Auxilioque
254 849 374 886 levare
392 849 501 894 viros,
521 850 668 896 vimque
687 848 823 884 addere
842 846 957 883 victis.

65 900 196 938 Limen
216 908 305 945 erat,
326 915 527 951 caecaeque
545 903 651 946 fores,
673 907 709 938 et
728 900 872 949 pervius
890 911 971 935 usus

14 953 212 991 Tectorum
233 956 328 993 inter
346 969 384 993 se
405 956 551 999 Priami,
573 962 769 1005 postesque
789 954 906 991 relicti

13 1007 48 1043 A
66 1013 171 1056 tergo
192 1022 200 1046 z
230 1009 356 1046 infelix
375 1022 447 1058 qua
466 1022 514 1055 se,
536 1010 624 1046 dum
644 1021 759 1056 regna
777 1008 985 1050 manebant,
1094 1004 1169 1040 45³3

13 1060 165 1109 Saepius
185 1061 447 1099 Andromache
466 1063 560 1099 ferre
579 1062 792 1099 incomitata
811 1061 953 1097 solebat

15 1114 75 1150 Ad
94 1126 247 1159 soceros,
269 1121 306 1153 et
324 1128 392 1153 avo
412 1130 567 1166 puerum
587 1117 813 1164 Astyanacta
833 1114 1015 1151 trahebat.

14 1166 142 1204 Evado
162 1168 208 1204 ad
228 1170 362 1205 summi
378 1170 523 1218 fastigia
543 1169 723 1213 culminis,
742 1168 842 1204 unde

14 1220 104 1258 Tela
123 1234 233 1258 manu
253 1223 373 1259 miseri
387 1223 580 1272 jactabant
598 1223 703 1260 irrita
725 1221 873 1258 Teucri.

15 1274 161 1311 Turrim
181 1276 219 1311 in
238 1272 427 1325 praecipiti
446 1282 616 1320 stantem,
639 1277 861 1323 summisque
881 1274 948 1311 sub
968 1280 1065 1310 astra
1094 1271 1170 1309 400

16 1327 197 1365 Eductam
217 1330 334 1373 tectis,
356 1331 455 1367 unde
474 1331 590 1367 omnis
611 1329 722 1377 Troja
741 1328 859 1365 videri

16 1380 65 1418 Et
85 1381 257 1419 Danaum
276 1384 404 1421 solitae
418 1397 540 1428 naves,
562 1389 599 1421 et
619 1384 758 1420 Achaia
777 1387 908 1424 castra,

13 1435 190 1484 Aggressi
208 1436 304 1473 ferro
324 1438 471 1481 circum,
493 1450 563 1486 qua
582 1449 722 1474 summa
741 1435 898 1472 labantis

10 1487 35 1524 J
38 1493 211 1526 uncturas
230 1491 395 1528 tabulata
414 1491 563 1537 dabant,
584 1490 822 1527 convellimus
842 1488 925 1525 altis

18 1541 186 1586 Sedibus,
207 1543 491 1594 impulimusque
508 1558 516 1579 τ
547 1558 599 1589 ea,
619 1544 720 1593 lapsa
738 1549 901 1592 repente,
923 1541 1066 1578 ruinam
1097 1538 1172 1576 465

13 1595 107 1632 Cum
126 1596 249 1634 sonitu
264 1598 390 1642 trahit,
411 1605 449 1636 et
469 1599 640 1635 Danaum
656 1610 764 1646 super
783 1596 930 1640 agmina
949 1595 1023 1632 late

19 1648 179 1687 Incidit:
209 1655 266 1688 ast
284 1652 346 1688 alii
365 1653 525 1689 subeunt
542 1665 550 1688 :
580 1664 647 1688 nec
663 1664 758 1696 saxa,
780 1663 847 1686 nec
867 1649 980 1686 ullum

19 1702 191 1740 Telorum
211 1704 351 1742 interea
365 1713 482 1743 cessat
501 1718 629 1754 genus.

18 1757 251 1794 Vestibulum
271 1764 357 1797 ante
375 1759 506 1808 ipsum,
528 1759 717 1807 primoque
737 1757 775 1793 in
794 1757 930 1801 limine,
954 1754 1121 1804 Pyrrhus

18 1810 202 1856 Exsultat,
223 1811 306 1849 telis
325 1819 361 1849 et
380 1813 462 1849 luce
481 1824 651 1849 coruscus
671 1815 762 1847 aena
783 1824 790 1848 :
1097 1808 1174 1846 470

19 1864 158 1911 Qualis,
177 1865 240 1902 ubi
258 1865 298 1902 in
317 1866 435 1903 lucem
450 1867 610 1911 coluber,
631 1864 724 1901 mala
743 1864 909 1913 gramina
929 1868 1068 1912 pastus,

18 1916 169 1966 Frigida
183 1919 251 1955 sub
265 1925 363 1957 terra
382 1920 563 1956 tumidum
584 1931 689 1967 quern
709 1919 839 1954 bruma
857 1919 1029 1966 tegebat;

17 1970 139 2016 Nunc,
158 1972 286 2021 positis
305 1985 421 2009 novus
436 1973 586 2017 exuviis,
607 1972 821 2020 nitidusque
833 1971 1000 2020 juventa,

18 2024 177 2062 Lubrica
195 2026 392 2072 convolvit,
413 2027 556 2064 sublato
575 2031 734 2075 pectore,
751 2032 868 2073 terga,

19 2079 168 2116 Arduus
187 2079 233 2116 ad
253 2081 375 2122 solem,
397 2086 434 2117 et
453 2081 582 2127 linguis
600 2080 711 2116 micat
729 2091 792 2115 ore
814 2079 983 2115 trisulcis.
1098 2076 1173 2114 475

17 2132 104 2170 Una
116 2133 246 2181 ingens
267 2133 453 2182 Periphas,
474 2143 522 2179 et,
544 2146 719 2182 equorum
741 2133 900 2180 agitator
919 2130 1084 2172 Achillis,

17 2185 192 2234 Armiger
212 2185 451 2224 Automedon
473 2200 482 2230 3
512 2200 585 2223 una
599 2186 716 2224 omnis
735 2186 863 2235 Scyria
880 2186 995 2234 pubes

18 2239 229 2277 Succedunt
248 2245 357 2284 tecto,
378 2246 415 2277 et
432 2240 594 2276 flammas
614 2239 660 2276 ad
680 2240 842 2277 culmina
857 2238 1014 2287 jactant.

18 2292 101 2341 Ipse
119 2292 215 2330 inter
233 2293 368 2342 primos
386 2300 554 2342 correpta
571 2293 663 2330 dura
680 2293 831 2341 bipenni

17 2345 163 2383 Limina
182 2347 395 2395 perrumpit,
415 2352 609 2396 postesque
629 2360 650 2383 a
668 2346 817 2383 cardine
834 2346 936 2383 vellit
1096 2346 1173 2383 480

19 2398 177 2437 Aeratos
193 2414 201 2444 ;
225 2400 374 2449 jamque
392 2400 512 2437 excisa
531 2401 635 2438 trabe
653 2400 756 2436 firma
775 2400 918 2437 cavavit

19 2450 174 2498 Robora,
193 2460 230 2493 et
248 2453 436 2503 ingentem
456 2454 531 2492 lato
551 2454 654 2492 dedit
673 2465 736 2490 ore
755 2452 963 2492 fenestram.
