1414 2666
229 173 282 212 36
681 185 873 214 AENEIDOS
891 186 935 214 11.

228 283 436 320 Deseruere
454 294 580 320 omnes
598 281 740 328 defessi,
761 288 799 321 et
817 296 972 333 corpora
989 283 1085 322 saltu
1308 281 1384 321 565

229 336 292 372 Ad
311 341 447 374 terram
465 337 605 381 misere,
625 342 688 374 aut
706 337 854 385 ignibus
873 350 984 386 aegra
1001 337 1149 375 dedere.

279 389 439 439 Jamque
457 390 550 427 adeo
568 402 677 438 super
695 403 791 427 unus
810 403 909 427 eram
929 405 938 434 ;
966 403 1078 440 quum
1097 389 1227 428 limina
1245 389 1383 428 Vestae

229 444 458 489 Servantem,
479 449 515 481 et
530 444 678 481 tacitam
700 449 840 481 secreta
857 445 895 481 in
913 445 1000 482 sede
1017 445 1208 490 latentem,

229 497 446 547 Tyndarida
465 497 626 546 adspicio
642 510 649 534 :
680 497 771 536 dant
790 498 886 535 clara
905 498 1076 535 incendia
1094 498 1213 548 lucem

229 551 391 596 Erranti,
412 551 621 600 passimque
638 551 764 588 oculos
783 564 848 600 per
865 559 997 589 cuncta
1015 551 1149 589 ferenti
1306 550 1383 590 570

228 605 307 649 Illa,
328 604 396 641 sibi
415 605 566 643 infestos
586 617 713 642 eversa
726 606 773 642 ob
789 605 971 654 Pergama
991 606 1164 651 Teucros,

226 658 276 696 Et
296 671 431 707 poenas
452 658 637 703 Danaum,
657 664 693 695 et
714 659 848 695 deserti
867 658 1034 708 conjugis
1052 660 1135 704 iras,

224 712 499 757 praemetuens,
519 712 651 760 Trojae
669 718 705 750 et
724 712 864 761 patriae
882 713 1086 750 communis
1105 713 1280 762 Erinnys,

226 767 434 803 Abdiderat
453 779 542 811 sese,
560 773 671 814 atque
690 767 760 803 aris
780 766 896 803 invisa
914 766 1076 804 sedebat.

227 820 407 857 Exarsere
426 820 531 868 ignes
550 819 674 856 animo
690 833 698 863 ;
728 820 827 857 subit
846 819 900 856 ira
918 820 1112 858 cadentem
1308 818 1383 858 575

229 874 365 910 Ulcisci
384 874 552 923 patriam,
582 880 619 910 et
637 873 831 910 sceleratas
844 886 990 910 sumere
1007 886 1156 922 poenas.

227 928 375 964 Scilicet
394 927 483 964 haec
500 928 669 975 Spartam
689 927 894 972 incolumis,
914 927 1124 976 patriasque
1143 927 1330 976 Mycenas,

227 981 430 1030 Aclspiciet,
450 987 629 1029 partoque
647 980 717 1017 ibit
735 981 864 1029 regina
883 981 1069 1030 triumpho
1083 980 1102 1017 Ρ

227 1035 537 1083 Οοιῄιιςίυωῳιε,
557 1035 793 1083 domumque,
815 1041 948 1084 patres,
968 1040 1159 1082 natosque,
1177 1033 1330 1080 videbit,

225 1088 383 1125 Iliadum
405 1090 514 1126 turba
533 1095 570 1125 et
591 1087 765 1137 Phrygiis
783 1089 956 1127 comitata
975 1088 1152 1126 ministris
1166 1088 1185 1125 Ρ
1307 1087 1384 1126 580

219 1143 414 1180 Occiderit
429 1142 525 1178 ferro
547 1142 714 1178 Priamus
733 1141 751 1178 ?
781 1141 892 1191 Troja
911 1143 1040 1180 arserit
1058 1141 1138 1191 igni
1157 1141 1176 1179 P

226 1196 461 1234 Dardanium
478 1196 587 1233 toties
608 1195 749 1233 sudarit
769 1197 947 1245 sanguine
966 1196 1070 1234 littus
1083 1195 1102 1232 ἶ)

225 1251 312 1287 Non
331 1251 394 1288 ita.
451 1250 631 1296 Namque,
652 1249 720 1287 etsi
736 1249 875 1286 nullum
899 1248 1135 1287 memorabile
1149 1260 1284 1286 nomen

228 1304 403 1341 Feminea
421 1303 461 1340 in
480 1315 600 1352 poena
619 1310 686 1348 est,
706 1315 774 1340 nec
793 1303 905 1341 habet
924 1304 1079 1341 victoria
1092 1302 1239 1340 laudem
1257 1315 1266 1348 ;

226 1357 457 1395 Exstinxisse
471 1357 571 1393 nefas
590 1363 715 1394 tamen
734 1362 771 1394 et
791 1357 961 1395 sumsisse
981 1357 1155 1394 merentis
1310 1355 1387 1394 585

227 1412 425 1450 Laudabor
444 1423 604 1460 poenas3
635 1410 872 1460 animumque
887 1411 1051 1460 explesse
1071 1409 1218 1459 juvabit

226 1466 379 1504 Ultricis
393 1465 574 1509 flammae,
596 1471 633 1501 et
652 1465 791 1501 cineres
809 1465 959 1502 satiasse
978 1476 1158 1502 meorum.

277 1518 383 1556 Talia
394 1519 594 1567 jactabam,
616 1523 652 1555 et
672 1518 806 1555 furiata
825 1524 946 1556 mente
964 1518 1108 1556 ferebar
1127 1531 1136 1563 ;

226 1574 350 1619 Quum
373 1572 462 1609 mihi
480 1584 528 1615 se,
550 1585 624 1608 non
641 1578 727 1609 ante
745 1572 859 1609 oculis
871 1578 945 1610 tam
966 1573 1074 1618 clara,
1091 1570 1288 1609 videndam

226 1627 385 1672 Obtulit,
407 1631 445 1664 et
463 1638 556 1675 pura
574 1639 639 1674 per
658 1630 802 1662 noctem
823 1626 862 1662 in
880 1627 962 1664 luce
976 1626 1129 1671 refulsit,
1307 1624 1398 1664 590*

224 1682 335 1718 Alma
355 1693 497 1730 parcns,
519 1679 683 1717 confessa
703 1680 822 1725 deam,
842 1681 1033 1730 qualisque
1050 1679 1168 1718 videri

226 1734 420 1772 Coelicolis
440 1740 477 1771 et
497 1740 635 1782 quanta
655 1734 770 1777 solet;
801 1733 1006 1783 dextraque
1023 1735 1244 1783 prehensum

226 1788 421 1827 Continuit
437 1801 445 1831 ;
474 1800 651 1836 roseoque
670 1787 759 1824 haec
778 1787 927 1836 insuper
941 1788 1086 1826 addidit
1104 1800 1190 1825 ore:

223 1843 333 1887 Nate,
355 1842 434 1890 quis
452 1841 651 1878 indomitas
670 1846 796 1878 tantus
815 1841 921 1878 dolor
939 1842 1075 1880 excitat
1093 1841 1167 1878 iras
1180 1841 1200 1879 P

221 1896 321 1942 Quid
335 1896 424 1932 furis
442 1895 461 1931 t>
490 1901 553 1931 aut
573 1907 731 1943 quonam
753 1895 869 1932 nostri
888 1895 956 1932 tibi
976 1907 1065 1933 cura
1083 1896 1235 1934 recessit
1253 1895 1273 1934 P
1302 1895 1379 1934 595

218 1950 306 1987 Non
326 1950 427 1999 prius
447 1948 635 1995 adspicies,
656 1949 719 1985 ubi
738 1948 871 1985 sessum
892 1954 1014 1987 aetate
1031 1954 1224 1999 parentem

222 2004 403 2054 Liqueris,
427 2002 614 2040 Anchisen
629 2002 647 2039 ἶ)
676 2008 822 2051 superet
837 2002 1047 2051 conjunxne
1066 2003 1216 2049 Creusa,
1268 2028 1271 2031 -

223 2058 476 2105 Ascaniusque
494 2068 585 2104 puer
598 2056 617 2093 ἶ)
645 2068 734 2103 quos
754 2056 873 2093 omnis
893 2056 1054 2106 undique
1068 2057 1203 2095 Graiae

224 2113 369 2149 Circum
391 2117 515 2148 errant-
530 2111 645 2152 acies;
676 2119 724 2155 et,
746 2109 784 2146 ni
805 2122 885 2146 mea
904 2122 991 2147 cura
1008 2111 1166 2156 resistat,

215 2166 307 2203 -Jam
328 2166 498 2202 flammae
516 2163 680 2207 tulerint,
703 2164 873 2200 inimicus
892 2169 929 2201 et
948 2164 1111 2203 hauserit
1131 2165 1241 2202 ensis.
1295 2163 1372 2202 600

222 2220 310 2256 Non
328 2218 398 2257 tibi
418 2217 642 2267 Tyndaridis
656 2217 794 2254 facies
784 2217 903 2255 lnvisa
921 2216 1140 2264 Lacaenae,

218 2274 447 2323 Culpatusve
468 2270 598 2309 Paris·
591 2300 599 2316 ‚
629 2271 751 2307 divom
771 2271 1018 2317 inclementia,
1031 2270 1168 2318 divom,

221 2327 302 2364 Has
321 2326 453 2363 evertit
472 2338 569 2375 opes,
591 2325 795 2375 sternitque
812 2338 833 2362 a
851 2324 1013 2362 culmine
1033 2325 1194 2374 Trojam.

219 2380 407 2430 Adspice:
437 2392 594 2428 namque
612 2391 774 2424 omnem,
793 2391 889 2428 quae
906 2391 1003 2416 nunc
1022 2379 1183 2417 obducta
1202 2381 1324 2418 tuenti

218 2433 385 2472 Mortalis
404 2433 555 2471 hebetat
575 2436 670 2471 visus
692 2432 772 2479 tibi,
792 2438 830 2471 et
847 2432 999 2470 humida
1017 2433 1157 2471 circum
1296 2433 1373 2472 605
