1414 2666
221 185 271 222 36
610 196 646 221 P.
676 196 799 222 ovum
825 195 986 223 NAsoms
1287 186 1381 238 [mn.

222 293 395 331 Proxima
412 293 477 329 lux
497 306 610 330 vacua
628 300 683 332 est
699 307 707 331 :
737 303 775 331 at
795 293 905 331 tertia
924 293 1025 331 dicta
1040 293 1212 338 Quirino.
1304 296 1379 334 475

273 347 374 392 Quid
393 352 496 384 tenet
516 347 583 384 hoc
602 360 747 391 nomen,
768 347 951 384 Romulus
969 352 1056 384 ante
1073 347 1155 384 fuit.

220 403 305 440 Sive
319 401 418 448 quod
436 400 542 438 hasta
561 401 656 438 curis
675 401 801 450 priscis
820 407 875 439 est
895 401 995 439 dicta
1014 401 1172 446 Sabinis,

273 455 434 491 Bellicus
453 467 475 490 a
493 454 569 492 telo
588 456 690 493 venit
707 456 745 491 in
765 461 863 492 astra
878 455 970 491 deus
989 468 998 496 ς

220 510 304 545 Sive
322 521 429 544 suum
448 508 527 557 regi
546 521 681 546 nomen
699 521 854 558 posuere
875 507 1065 553 Quiritesss

271 561 345 599 Seu
359 562 445 609 quia
463 561 641 600 Romanis
654 562 832 611 junxerat
849 562 913 599 ille
933 561 1062 599 Cures.
1303 562 1380 600 480

217 615 314 652 Nam
333 621 438 664 pater
457 616 692 666 armipotens,
712 621 907 665 postquam
928 628 1024 653 nova
1041 615 1173 652 moenia
1191 615 1297 655 vidit.

268 669 463 718 Multaque
482 668 666 706 Romulea
682 670 781 707 bella
795 675 945 718 peracta
963 682 1087 708 manu.

214 723 374 772 Jupiter,
394 723 526 772 inquit,
547 723 659 761 habet
680 724 850 760 Romana
869 724 1037 772 potentia
1051 723 1168 760 vires:

268 776 467 825 Sanguinis
486 777 604 814 officio
623 789 699 813 non
717 782 802 826 eget
820 777 883 813 illa
901 776 986 813 mei.
1187 790 1191 791 ⁷

213 830 348 867 Redde
367 830 463 878 patri
482 836 612 868 natum
632 844 640 867 ε
671 830 837 879 quamvis
856 830 1047 868 intercidit
1065 831 1169 875 alter,
1296 832 1373 870 485

266 883 339 920 Pro
359 896 408 926 se,
428 896 569 932 proque
588 884 720 930 Remo,
741 884 804 933 qui
818 884 907 921 mihi
919 889 1045 929 restat,
1066 884 1148 924 erit.

215 937 323 974 Unus
343 937 424 977 erit,
444 950 552 985 quem
572 944 614 975 tu
634 938 741 975 tolles
755 939 794 975 in
813 938 951 975 caerula
970 938 1062 981 coeli,

266 991 325 1027 Tu
345 990 433 1027 mihi
452 991 579 1029 dixisti
595 1004 603 1028 τ
633 992 707 1029 sint
725 998 806 1030 rata
825 992 924 1029 dicta
937 992 1056 1029 Jovis.

210 1045 356 1093 Jupiter
375 1051 568 1082 annuerat.
626 1045 730 1083 Nutu
750 1045 986 1084 tremefactus
1004 1052 1159 1094 uterque

264 1098 332 1136 Est
347 1098 466 1147 polus,
483 1103 521 1136 et
541 1099 623 1136 coeli
641 1099 809 1149 pondera
828 1100 943 1138 sensit
962 1100 1084 1136 Atlas.
1305 1101 1382 1138 490

211 1152 277 1189 Est
295 1152 409 1196 locus,
430 1152 573 1202 antiqui
594 1153 772 1202 Capream
792 1153 918 1191 dixere
936 1154 1130 1203 paludem;

264 1206 374 1244 Forte
394 1206 465 1244 tuis
484 1206 569 1252 illic,
591 1207 762 1252 Romule,
772 1207 859 1255 jura
878 1208 1002 1244 dabas.

209 1260 272 1297 Sol
290 1260 398 1309 fugit,
420 1265 457 1296 et
475 1266 668 1298 removent
686 1261 884 1298 subeuntia
903 1261 1030 1298 nubila
1050 1261 1181 1299 coelutn
1202 1275 1210 1298 ε

264 1313 313 1351 Et
327 1314 450 1362 gravis
469 1314 591 1351 effusis
610 1314 751 1352 decidit
769 1315 886 1352 imber
905 1315 1022 1364 aquis.

206 1366 308 1404 Hinc
320 1372 437 1411 tonat,
458 1367 544 1404 hinc
563 1368 682 1404 missis
701 1368 933 1417 abrumpitur
951 1369 1101 1417 ignibus
1119 1369 1245 1407 aether.
1294 1369 1369 1406 495

258 1420 319 1458 Fit
337 1421 436 1469 fuga,
457 1433 521 1457 rex
541 1421 667 1470 patriis
687 1428 784 1459 astra
797 1423 947 1471 petebat
965 1423 1079 1470 equis.

206 1474 348 1511 Luctus
368 1479 458 1518 erat,
479 1474 653 1524 falsaeque
673 1475 803 1512 Patres
817 1476 855 1512 in
876 1476 1029 1512 crimine
1047 1477 1158 1514 caedis
1175 1491 1183 1521 ;

255 1527 508 1577 Haesissetque
527 1529 657 1565 animis
675 1529 829 1567 forsitan
849 1529 912 1566 illa
930 1529 1021 1567 fides
1041 1544 1049 1574 ;

203 1581 277 1618 Sed
299 1581 476 1619 Proculus
494 1582 627 1631 Longa
645 1583 816 1621 veniebat
834 1583 958 1620 Julius
974 1584 1071 1621 Alba
1090 1598 1098 1629 ;

256 1635 436 1684 Lunaque
455 1635 633 1684 fulgebat,
653 1649 722 1673 nec
740 1637 827 1674 facis
848 1651 934 1673 usus
952 1644 1031 1675 erat
1052 1651 1059 1675 :
1288 1637 1365 1674 500

204 1689 299 1725 Cum
318 1690 441 1726 subito
461 1696 565 1728 motu
584 1691 702 1737 nubes
721 1703 897 1740 crepuere
916 1691 1086 1729 sinistrae.

253 1742 401 1781 Retulit
418 1743 480 1779 ille
497 1745 636 1792 gradus
655 1758 662 1787 ;
694 1744 991 1794 horrueruntque
1009 1758 1136 1782 comae.

202 1796 371 1842 Pulcher,
391 1803 428 1834 et
447 1796 609 1835 humano
629 1798 757 1847 major,
778 1800 981 1848 trabeaque
995 1800 1152 1837 decorus

253 1850 436 1888 Romulus
454 1850 492 1887 in
513 1852 634 1888 media
653 1853 750 1889 visus
769 1852 897 1889 adesse
916 1853 975 1889 via
994 1866 1002 1895 ;

202 1903 250 1940 Et
270 1904 405 1941 dixisse
424 1904 544 1950 simul,
567 1905 727 1942 Prohibe
747 1906 875 1954 lugere
896 1906 1084 1951 Quirites;
1281 1907 1356 1945 505

252 1957 330 1995 Nec
350 1959 490 1995 violent
510 1959 678 2008 lacrymis
699 1960 851 1996 numina
869 1969 997 1997 nostra
1016 1962 1104 1997 suis.

199 2010 326 2048 Thura
337 2013 469 2056 ferant,
489 2013 710 2062 placentque
729 2025 865 2049 novum
883 2013 944 2062 pia
962 2014 1073 2051 turba
1093 2014 1304 2060 Quirinum.

250 2064 300 2102 Et
316 2066 454 2114 patrias
476 2077 573 2104 artes
592 2066 832 2116 militiamque
851 2067 986 2105 colant.

193 2118 217 2155 J
222 2119 322 2163 ussit,
345 2126 382 2157 et
400 2120 437 2156 in
458 2128 588 2159 tenues
607 2120 722 2157 oculis
741 2121 892 2158 evanuit
911 2133 1032 2158 auras.

248 2172 438 2211 Convocat
456 2175 516 2212 hic
535 2175 702 2224 populos,
718 2173 894 2224 jussaque
915 2176 1026 2212 verba
1044 2176 1167 2213 refert.
1277 2176 1353 2213 510

196 2225 350 2275 Templa
369 2228 439 2266 deo
458 2230 553 2266 fiunt
573 2242 581 2265 :
611 2228 713 2265 collis
733 2241 878 2277 quoque
897 2229 1019 2266 dictus
1037 2230 1085 2267 ab
1102 2230 1166 2267 illo
1186 2243 1194 2273 ;

246 2279 297 2318 Et
315 2281 482 2321 referunt
499 2282 590 2320 certi
609 2295 712 2319 sacra
729 2291 884 2331 paterna
902 2283 992 2320 dies.

193 2332 279 2370 Lux
298 2346 444 2384 quoque
463 2349 529 2374 cur
548 2336 676 2373 eadem
698 2335 904 2373 Stultorum
923 2337 1017 2375 festa
1035 2344 1194 2379 vocetur.

240 2387 379 2437 Accipe
398 2404 406 2426 ;
436 2403 549 2440 parva
567 2390 715 2439 quidem
734 2402 854 2434 causa,
874 2390 939 2427 sed
957 2397 1045 2440 apta
1058 2392 1194 2429 subest.

190 2439 278 2477 Non
297 2441 429 2480 habuit
447 2444 555 2482 tellus
575 2443 704 2481 doctos
723 2443 875 2492 antiqua
889 2444 1061 2481 colonos:
1275 2444 1349 2482 515
