1475 2712
70 177 133 228 11.]
591 179 711 208 FASTI.
764 221 771 236 x
1187 163 1238 200 43

126 283 178 321 Et
195 282 305 319 facies
325 281 447 318 animo
467 279 654 327 dignaque
672 286 811 324 parque
829 273 911 310 fuit.

74 337 179 374 Pone
197 341 346 380 metum,
366 333 486 376 venio,
505 330 643 378 conjux
662 329 725 366 ait.
782 327 852 364 Illa
870 324 1026 367 revixit;

125 390 258 438 Deque
277 388 345 425 viri
365 387 459 425 collo
476 385 585 422 dulce
602 381 780 432 pependit
795 392 902 417 onus.
1162 375 1239 414 760

74 445 218 481 Interea
234 441 381 490 juvenis
398 439 546 477 furiales
564 437 687 486 regius
705 435 811 483 ignes

127 496 309 544 Concipit,
331 500 368 532 et
386 506 483 531 caeco
502 499 630 541 raptus
648 501 772 526 amore
790 487 894 524 furit.

75 551 207 588 Forma
222 549 355 599 placet,
375 547 577 594 niveusque
605 543 717 587 color,
737 541 895 589 flavique
914 538 1036 588 capilli
1053 551 1061 582 ;

122 603 272 652 Quique
290 602 418 639 aderat
435 599 539 637 nulla
555 598 674 635 factus
693 596 740 633 ab
759 600 839 632 arte
857 593 982 630 decor.

73 658 198 694 Verba
211 656 371 706 placent,
390 659 429 692 et
446 665 537 697 vox3
553 657 592 690 et
610 650 709 699 quod
718 658 952 696 corrumpere
971 658 1047 681 non
1067 650 1139 683 est:
1163 643 1237 684 765

125 710 284 759 Quoque
301 708 421 745 minor
439 719 520 756 spes
539 712 608 750 est,
628 705 699 741 hoc
719 700 836 750 magis
855 699 917 736 ille
936 699 1053 748 cupit.

71 763 156 800 Jam
176 763 330 801 dederat
349 766 500 799 cantum
518 759 610 797 lucis
626 755 858 808 praenuntius
877 753 952 790 ales
973 766 980 793 ;

125 817 220 854 Cum
239 816 405 853 referunt
416 814 573 863 juvenes
593 813 632 849 in
651 823 718 848 sua
735 813 856 847 castra
875 806 1018 856 pedem.

74 870 249 920 Carpitur
263 869 442 908 attonitos
460 866 622 905 absentis
640 863 801 912 imagine
820 873 948 898 sensus

112 924 193 962 ‚Ille
212 938 220 961 :
249 921 461 961 recordanti
479 921 586 970 plura
602 918 793 967 magisque
812 915 972 964 placent.
1166 913 1240 951 770

73 977 132 1014 Sic
151 978 268 1016 sedit:
300 976 350 1013 sic
370 976 470 1013 culta
486 975 558 1012 fuit
577 988 586 1012 ε
615 973 667 1010 sic
685 970 842 1009 stamina
855 967 955 1005 nevit
977 980 985 1003 :

124 1031 314 1080 Neglectae
328 1030 422 1067 collo
437 1029 488 1066 sic
501 1028 652 1077 jacuere
670 1036 784 1063 comae
800 1036 808 1059 :

72 1084 154 1122 Hos
173 1084 304 1121 habuit
322 1083 446 1120 vultus
466 1096 474 1119 τ
503 1083 581 1119 haec
599 1081 653 1117 illi
672 1078 784 1116 verba
802 1075 904 1112 fuere
924 1088 932 1111 :

124 1137 200 1175 Hic
215 1138 337 1182 decor,
358 1137 438 1174 haec
456 1136 578 1177 facies,
600 1135 660 1171 liic
679 1132 780 1170 color
798 1129 872 1166 oris
890 1133 984 1165 erat.

73 1191 128 1229 Ut
147 1191 240 1229 solet
254 1203 390 1239 magno
407 1190 543 1227 fluctus
562 1190 800 1236 languescere
818 1183 909 1220 flatu
930 1195 938 1224 ;
1162 1183 1235 1221 775

128 1245 201 1283 Sed
220 1250 344 1282 tamen
363 1257 385 1280 a
401 1251 524 1287 vent0,
546 1243 606 1291 qui
627 1241 709 1285 fuit,
732 1237 832 1275 unda
851 1241 970 1273 tumet
991 1249 998 1272 :

73 1299 144 1342 Sic,
166 1298 332 1348 quamvis
351 1298 478 1334 aberat
497 1296 641 1345 placitae
659 1290 858 1343 praesentia
876 1289 1017 1332 formoe,

127 1352 245 1398 Quem
267 1351 421 1388 dederat
439 1362 601 1400 praesens
621 1349 750 1391 forma,
770 1343 946 1381 manebat
965 1355 1078 1379 amor.

74 1406 194 1444 Ardet
214 1419 224 1449 ;
253 1410 291 1442 et
309 1403 438 1453 injusti
456 1404 613 1441 stimulis
628 1401 791 1451 agitatus
811 1396 945 1433 amoris

127 1459 327 1508 Comparat
341 1458 497 1506 indigno
515 1458 663 1505 vimque
682 1454 880 1498 dolumque
899 1455 997 1487 toro.
1168 1449 1244 1488 780

74 1513 208 1550 Exitus
227 1513 265 1549 in
283 1512 397 1549 dubio
417 1516 473 1548 est
492 1524 500 1548 :
523 1509 742 1548 audebimus
760 1504 903 1547 ultima,
923 1503 1030 1540 dixit.

130 1566 287 1610 Viderit,
308 1565 488 1603 audentes
505 1565 628 1601 forsne
647 1563 787 1600 deusne
799 1564 919 1614 juvet.

75 1620 248 1670 Cepimus
268 1619 439 1656 audendo
461 1618 601 1655 Gabios
620 1628 778 1665 quoque.
835 1617 940 1655 Talia
958 1612 1055 1649 fatus

127 1673 228 1711 Ense
246 1673 343 1710 latus
358 1673 486 1721 cingit,
507 1677 688 1720 tergaque
707 1671 839 1719 pressit
858 1670 955 1720 equi,

74 1728 222 1776 Accipit
241 1732 351 1764 aerata
364 1726 541 1775 juvenem
562 1725 721 1762 Collatia
738 1731 857 1774 porta,
1168 1718 1243 1758 785

126 1781 299 1818 Condere
312 1780 391 1829 jam
411 1780 535 1817 vultus
555 1779 632 1816 sole
651 1784 807 1827 parante
827 1791 924 1815 suos.

74 1834 217 1878 Hostis,
238 1840 281 1872 ut
295 1835 440 1882 hospes,
459 1833 529 1870 init
547 1832 754 1882 penetralia
774 1831 951 1870 Collatini
969 1843 976 1867 :

126 1887 291 1925 Comiter
311 1887 497 1936 excipitur
517 1899 526 1930 ;
556 1885 739 1934 sanguine
753 1885 909 1934 junctus
928 1887 1020 1921 erat.

80 1942 273 1987 Quantum
294 1940 424 1978 animis
444 1940 578 1976 erroris
597 1940 694 1976 inest
715 1940 723 1976 Σ
753 1945 861 1989 parat
879 1938 996 1975 inscia
1014 1948 1137 1973 rerum

127 1995 259 2032 Infelix
278 1995 404 2043 epulas
423 1994 591 2031 hostibus
609 1993 672 2030 illa
690 1993 776 2030 suis.
1159 1988 1235 2026 790

77 2049 244 2086 Functus
263 2054 343 2086 erat
358 2047 516 2095 dapibus
536 2061 544 2084 :
574 2052 733 2096 poscunt
752 2059 818 2084 sua
831 2052 1001 2095 tempora
1019 2045 1151 2082 somni.

128 2102 213 2138 Nox
232 2108 323 2146 erat,
345 2107 383 2138 et
401 2106 482 2138 tota
501 2101 642 2137 lumina
660 2100 765 2137 nulla
785 2101 910 2137 domo.

76 2156 216 2204 Surgit,
242 2161 280 2192 et
299 2160 470 2192 auratum
490 2154 624 2202 vagina
642 2153 775 2191 liberat
794 2166 940 2191 ensem:

132 2208 184 2246 Et
203 2209 306 2246 venit
322 2208 361 2245 in
380 2207 574 2251 thalamos,
594 2212 714 2256 nupta
727 2207 873 2256 pudica,
894 2213 990 2246 tuos.

79 2262 206 2312 thue
220 2267 343 2300 torum
358 2261 491 2311 pressit
506 2275 515 2305 ;
533 2261 698 2305 Ferrum,
716 2260 901 2307 Lucretia,
915 2274 1058 2300 mecum
1074 2269 1130 2302 est
1145 2278 1152 2300 z
1168 2264 1244 2303 795

128 2316 258 2359 Natus,
279 2316 343 2360 ait,
362 2315 470 2363 regis,
494 2314 787 2362 Tarquiniusque
806 2327 928 2351 vocor.

75 2369 144 2407 Illa
161 2369 253 2406 nihil
274 2382 282 2406 :
312 2381 433 2418 neque
451 2368 550 2405 enim
568 2380 694 2405 vocem
714 2368 882 2416 viresque
895 2368 1084 2418 loquendi,

126 2424 207 2462 Aut
225 2422 366 2472 aliquid
384 2428 466 2461 toto
485 2426 637 2471 pectore
655 2421 790 2459 mentis
808 2422 932 2460 habet.
