1414 2666
100 184 110 195 .
139 154 163 195 7
167 156 191 194 8
581 168 797 199 CAR-ramum
824 167 878 196 IV.

137 263 238 310 Non,
262 263 465 314 Torquate,
485 278 617 315 genus,
638 278 716 304 non
733 271 772 304 te
789 265 977 312 facundia,
997 276 1076 303 non
1093 270 1135 304 te

349 318 544 358 Restituet
561 319 693 369 pietas.

135 367 296 409 Infernis
315 384 437 421 neque
449 373 549 410 enim
568 373 733 412 tenebris
752 373 878 411 Diana
897 372 1077 423 pudieum

353 425 509 464 Liberat
527 427 781 477 Hippolytum
797 440 806 465 :

134 476 216 515 Nec
234 478 402 518 Lethaea
420 480 520 518 valet
536 480 704 518 Theseus
723 482 945 530 abrumpere
964 492 1051 518 earo

346 533 509 571 Vincula
527 533 708 573 Pirithoo.

419 612 509 650 0⁰13
529 613 761 651 vlu-Ad
781 611 1033 651 Censorinum.

240 690 449 728 DONAREM
468 695 616 741 pateras
634 697 819 741 grataque
838 690 1067 736 commodus,

243 744 459 791 Censorine,
480 745 572 783 meis
591 757 677 782 aera
696 745 886 782 sodalibus
906 758 916 789 ;

240 797 434 835 Donarem
452 798 632 848 tripodas,
652 799 816 848 praemia
833 798 989 836 fortium

239 850 463 889 Graiorum!
492 864 616 901 neque
634 857 678 890 tu
697 852 857 901 pessima
870 863 1070 889 munerum

240 904 270 941 F
272 917 384 951 erres,
406 905 525 943 divite
543 918 604 942 me
623 905 764 944 scilicet
778 905 929 949 artium,

238 958 343 1004 Quas
363 964 429 997 aut
450 959 670 996 Parrhasius
688 958 859 1009 protulit,
879 963 945 996 aut
961 959 1100 1009 Scopas
1119 971 1130 1004 ;

237 1012 315 1049 Hic
335 1025 439 1059 saxo,
458 1013 609 1062 liquidis
628 1013 691 1050 ille
708 1013 907 1058 coloribus,

240 1065 379 1104 Sollers
398 1079 500 1104 nunc
518 1067 706 1104 hominem
725 1079 878 1116 ponere,
897 1079 1000 1105 nune
1019 1066 1145 1104 deum.

236 1119 313 1157 Sed
330 1132 408 1157 non
427 1121 518 1158 haec
537 1121 628 1157 mihi
647 1121 724 1165 vis;
755 1133 825 1158 nee
843 1120 913 1159 tibi
932 1120 1065 1158 talium

234 1174 312 1211 Res
331 1179 399 1219 est,
421 1180 487 1212 aut
507 1175 664 1219 animus,
678 1174 898 1212 deliciarum
917 1186 1046 1223 egens.

239 1227 393 1265 Gaudes
413 1229 639 1265 carminibus
656 1242 663 1265 :
695 1228 860 1265 carmina
877 1240 1075 1276 possumus

234 1281 399 1326 Donare,
421 1286 459 1320 et
478 1282 641 1331 pretium
655 1282 780 1319 dicere
798 1281 959 1318 muneri.

236 1335 327 1371 Non
345 1335 462 1372 ineisa
479 1336 580 1373 notis
599 1348 784 1372 marmora
805 1335 980 1384 publicis,

237 1388 312 1426 Per
331 1401 427 1437 quae
447 1389 600 1438 spiritus
620 1395 659 1426 et
678 1389 756 1427 vita
776 1389 876 1426 redit
893 1388 1004 1426 bonis

236 1441 329 1479 Post
343 1447 503 1480 mortem
523 1442 682 1479 ducibus
702 1456 710 1487 ;
741 1454 820 1479 non
839 1442 978 1480 celeres
996 1441 1122 1492 fugae,

234 1495 489 1545 Rejectaeque
507 1502 714 1533 retrorsum
733 1495 961 1534 Hannibalis
979 1495 1125 1541 minae3

235 1549 326 1586 Non
344 1549 520 1587 incendia
542 1549 784 1599 Carthaginis
802 1549 951 1599 impiae,

236 1603 340 1652 Ejus,
363 1603 427 1652 qui
445 1603 589 1642 domita
607 1616 744 1641 nomen
764 1604 812 1640 ab
832 1603 961 1641 Africa

237 1656 425 1695 Lucratus
444 1657 567 1702 rediit,
588 1657 724 1695 clarius
742 1657 914 1696 indicant

235 1710 396 1757 Laudes,
418 1724 530 1760 quam
552 1712 733 1749 Calabrae
754 1711 946 1755 Pierides;
974 1723 1110 1761 neque,

238 1764 278 1801 Si
297 1764 448 1802 chartae
467 1765 614 1811 sileant,
635 1765 737 1815 quod
756 1765 853 1803 bene
870 1765 1013 1811 feceris,

239 1818 453 1856 Mercedem
472 1819 618 1857 tuleris.
676 1817 783 1864 Quid
800 1819 900 1857 foret
919 1818 1012 1856 Iliae

236 1872 494 1921 Mavortisque
513 1885 617 1921 puer,
637 1872 669 1909 si
687 1872 926 1910 taciturnitas

236 1925 414 1963 Obstaret
433 1926 574 1963 meritis
592 1926 721 1963 invida
739 1925 930 1963 Romuli?

230 1977 416 2028 Ereptum
436 1979 573 2029 Stygiis
591 1980 770 2018 fluetibus
789 1979 959 2017 Aeacum

231 2032 374 2079 Virtus,
395 2037 434 2071 et
451 2033 568 2079 favor,
590 2038 627 2071 et
646 2034 778 2083 lingua
795 2033 1010 2082 potentium

230 2086 374 2124 Vatum
393 2086 575 2125 divitibus
597 2091 792 2125 consecrat
810 2087 955 2126 insulis.

230 2140 402 2189 Dignum
420 2140 533 2178 laude
551 2141 674 2179 virum
693 2154 799 2179 musa
816 2145 922 2180 vetat
940 2141 1037 2180 mori
1055 2153 1066 2187 ;

228 2192 348 2231 Coelo
368 2206 474 2232 musa
492 2195 591 2233 beat.
649 2195 710 2233 Sic
729 2195 756 2233 J
758 2195 838 2233 ovis
855 2195 1015 2235 interest

228 2246 380 2296 optatis
400 2248 520 2297 epulis
538 2248 699 2298 impiger
718 2247 905 2287 Hercules
923 2262 933 2293 3

228 2300 381 2338 Clarum
403 2302 646 2352 Tyndaridae
665 2303 768 2341 sidus
787 2304 835 2340 ab
851 2301 990 2340 infimis

229 2354 395 2399 Quassas
414 2357 581 2405 eripiunt
600 2357 824 2406 aequoribus
843 2363 968 2401 rates3

232 2407 402 2446 Ornatus
422 2410 534 2446 viridi
553 2416 724 2461 tempora
742 2410 933 2461 pampino,

227 2460 344 2500 Liber
366 2467 454 2500 vota
473 2464 591 2501 bonos
612 2464 717 2503 ducit
736 2464 785 2502 ad
803 2463 939 2502 exitus.

1265 369 1317 408 25

1265 1173 1314 1210 10

1263 1442 1313 1479 15

1248 1709 1314 1747 ’20

1253 2247 1309 2287 30
