1414 2666
167 157 224 196 26,
611 167 802 195 ammos
827 166 870 195 11.

169 265 302 303 Testor
321 277 470 310 numen,
491 264 568 308 ait;
595 277 672 309 vos,
692 276 789 309 arae,
804 275 982 312 ensesque
999 261 1164 307 nefandi,
1250 259 1329 298 155.

172 318 277 364 Quos
295 318 387 368 fugi,
407 319 594 366 vittaeque
612 317 737 363 deam,
755 329 845 366 quas
863 317 984 354 hostia
1001 315 1098 365 gessi
1113 329 1122 353 ε
1224 312 1227 314 ’

171 371 242 409 Fas
261 372 350 409 mihi
369 371 563 409 Graiorum
582 378 722 416 saerata
739 370 920 408 resolvere
932 369 1042 419 jura';

174 425 243 462 Fas
263 426 383 463 odisse
402 425 511 471 viros,
532 430 642 474 atque
660 425 783 462 omnia
801 424 896 461 ferre
914 424 983 460 sub
1001 435 1120 467 auras,

174 479 212 516 Si
231 492 304 528 qua
321 484 456 528 tegunt
473 492 484 524 3
515 481 641 516 teneor
659 479 799 528 patriae
813 490 881 515 nec
899 477 1038 525 legibus
1057 475 1156 512 ullis.
1355 505 1359 508 .

175 532 235 569 Tu
255 533 364 570 modo
383 532 568 582 promissis
587 544 745 576 maneas,
765 536 980 580 servataque
999 542 1132 573 serves,
1253 524 1331 564 160

176 585 298 634 Troja,
319 587 429 624 fidem
445 600 453 631 ;
483 586 514 623 si
532 598 618 623 vera
636 585 760 629 feram,
781 585 811 622 si
828 597 961 633 magna
975 582 1184 632 rependam.

230 640 361 677 Omnis
379 653 460 689 spes
480 638 663 683 Danastm,
683 644 721 676 et
740 639 860 688 coepti
877 638 1013 682 fiducia
1031 635 1116 673 belli

177 693 340 730 Palladis
360 693 504 730 auxiliis
523 705 663 742 semper
682 692 798 730 stetit.
854 691 991 740 Impius
1010 703 1055 727 ex
1074 702 1146 737 quo

179 747 344 795 Tydides
362 748 426 784 sed
446 747 553 791 enim,
574 746 823 793 scelerumque
842 745 1022 789 inventor,
1045 743 1184 789 Ulixes,

180 800 307 837 Fatale
327 801 488 849 aggressi
509 806 650 837 sacrato
668 799 825 841 avellere
843 798 982 847 templo
1110 823 1117 829 „
1262 793 1337 832 165

180 854 398 899 Palladium,
419 855 531 891 caesis
550 865 713 891 summae
731 852 946 889 custodibus
966 850 1069 895 areis,

181 908 401 956 Corripuere
419 921 557 944 sacram
577 907 744 954 effigiem,
765 905 1007 953 manibusque
1024 902 1185 941 cruentis

181 961 376 1009 Virgineas
395 961 472 997 ausi
491 961 598 997 divae
616 960 831 1007 contingere
850 958 985 1002 vittas3

183 1015 240 1051 Ex
259 1015 322 1051 illo
341 1015 452 1051 fluere
473 1027 514 1050 ac
532 1019 630 1051 retro
648 1013 819 1062 sublapsa
837 1011 964 1049 referri

183 1069 273 1117 Spes
294 1068 478 1112 Danaam,
496 1068 632 1105 fractae
645 1067 750 1107 vires.
773 1078 899 1103 aversa
916 1065 1008 1102 deae
1025 1077 1143 1102 mens.
1266 1062 1343 1101 170

184 1123 263 1159 Nec
282 1123 403 1158 dubiis
422 1135 464 1158 ea
481 1122 587 1170 signa
605 1121 709 1158 dedit
729 1120 898 1158 Tritonia
917 1119 1101 1156 monstris.

185 1176 258 1212 Vix
277 1177 434 1225 positum
453 1176 580 1213 castris
597 1175 833 1211 simulacrum
850 1186 858 1210 ε
887 1185 1008 1210 arsere
1025 1184 1198 1209 coruscae

186 1229 405 1266 Luminibus
423 1230 591 1266 fiammae
610 1228 771 1273 arrectis,
792 1227 977 1274 salsusque
997 1238 1061 1274 per
1079 1232 1181 1263 artus

139 1287 142 1289 ’
188 1284 309 1320 Sudor
328 1284 370 1320 iit
391 1297 399 1326 ;
428 1287 555 1331 terque
574 1282 652 1331 ipsa
670 1281 758 1326 solo,
779 1281 945 1330 mirabile
963 1280 1064 1316 dictu
1081 1279 1089 1316 l

190 1337 360 1379 Emicuit,
382 1349 616 1385 parmamque
633 1335 764 1379 ferens,
786 1334 1000 1382 hastamque
1018 1337 1247 1370 trementem.
1269 1330 1345 1371 175

190 1391 386 1438 Extemplo
406 1390 586 1427 tentanda
603 1388 692 1437 fuga
709 1388 809 1425 canit
828 1399 986 1435 aequora
1007 1386 1186 1431 Calchas3

188 1445 266 1481 Nec
287 1457 390 1493 posse
406 1442 589 1492 Argolicis
603 1442 768 1479 exscindi
787 1441 964 1489 Pergama
982 1439 1076 1485 telis,

190 1498 326 1535 Omina
346 1498 384 1533 ni
402 1502 571 1545 repetant
587 1496 710 1545 Argis,
730 1507 940 1543 numenque
958 1494 1150 1538 reducant,

192 1552 305 1597 Quod
320 1551 450 1600 pelago
466 1557 503 1588 et
522 1550 642 1587 curvis
653 1560 781 1586 ‘secum
801 1561 955 1585 avexere
973 1547 1118 1584 carinis.
1141 1561 1144 1564 ’

192 1605 242 1643 Et
260 1618 371 1650 nunc,
392 1605 490 1651 quod
510 1604 645 1653 patrias
663 1607 774 1640 vento
792 1602 930 1652 petiere
950 1601 1156 1650 Mycenas,-
1274 1599 1350 1637 180

192 1659 310 1696 Arma
327 1659 487 1706 deosque
501 1664 633 1706 parant
647 1657 809 1701 comites,
829 1655 1034 1705 pelagoque
1052 1666 1221 1691 remenso

195 1712 386 1762 Improvisi
404 1712 562 1748 aderunt
581 1724 590 1748 ;
620 1711 672 1748 ita
690 1710 827 1758 digerit
841 1710 963 1746 omina
983 1707 1150 1745 Calchas.

195 1767 305 1803 Hanc
324 1778 390 1815 pro
412 1765 588 1810 Palladio,
609 1764 752 1808 moniti,
770 1775 837 1811 pro
856 1762 1006 1799 numine
1024 1762 1134 1807 laeso,

196 1820 365 1867 Effigiem
384 1825 569 1861 statuere;
599 1817 699 1854 nefas
710 1829 803 1866 quae
822 1816 927 1853 triste
945 1816 1074 1864 piaret.
1247 1834 1250 1836 ·

197 1873 308 1910 Hane
326 1879 449 1910 tamen
470 1872 683 1908 immensam
704 1870 857 1908 Calchas
876 1869 1044 1906 attollere
1062 1867 1196 1905 molem
1276 1867 1352 1904 185

198 1927 410 1963 Roboribus
429 1925 551 1969 textis,
572 1925 746 1972 coeloque
763 1923 930 1967 educere,
943 1921 1078 1970 jussit;

200 1982 259 2017 Ne
278 1980 390 2028 recipi
410 1980 535 2028 portis,
556 1985 621 2015 aut
639 1978 726 2014 duci
744 1978 783 2014 in
801 1977 956 2021 moenia,
977 1976 1102 2025 possit,

200 2035 285 2070 Neu
306 2034 479 2082 populum
500 2033 651 2080 antiqua
671 2032 739 2068 sub
757 2030 935 2078 religione
951 2029 1062 2067 tueri.

202 2088 310 2129 Nam,
332 2088 360 2123 si
381 2094 501 2123 vestra
520 2099 649 2122 manus
668 2085 838 2121 violasset
856 2084 955 2119 dona
974 2083 1172 2132 Minervae.

203 2143 297 2177 Tum
320 2153 490 2188 magnum
511 2140 672 2181 exitium,
688 2138 787 2187 quod
801 2138 839 2174 di
855 2136 954 2186 prius
965 2149 1073 2173 omen
1087 2137 1126 2173 in
1143 2135 1264 2185 ipsum
1279 2134 1355 2173 190

205 2195 434 2232 Convertant
452 2194 460 2230 l
495 2194 626 2229 Priami
646 2192 797 2241 imperio
820 2191 1101 2239 Phrygibusque
1118 2190 1307 2228 futurum:

205 2249 269 2285 Sin
289 2248 456 2285 manibus
476 2248 605 2284 vestris
625 2255 779 2283 vestram
798 2243 1047 2282 adscendisset
1064 2243 1103 2280 in
1120 2243 1259 2287 urbem,

208 2302 318 2338 Ultro
339 2301 461 2338 Asiam
483 2314 614 2349 magno
638 2300 792 2348 Pelopea
811 2299 857 2335 ad
876 2297 1022 2335 moenia
1038 2297 1135 2334 bello

207 2356 422 2398 Venturam,
442 2361 479 2390 et
499 2363 642 2392 nostros
661 2367 704 2390 ea
721 2353 796 2390 fata
816 2363 962 2388 manere
979 2356 1143 2399 nepotes.

262 2409 411 2446 ‘salibus
429 2407 568 2444 insidiis
584 2408 791 2457 perjurique
808 2415 887 2443 arte
907 2404 1055 2441 Sinonis
1282 2403 1357 2448 195.
