1414 2666
158 165 210 206 62

604 176 815 205 CARMIN'UM
833 175 895 202 111.

451 274 541 311 ona
561 272 833 313 xxm-Ad
848 274 1052 326 thkiylen.

267 353 403 391 COELo
422 353 577 402 supinas
596 352 627 391 si
645 353 777 392 tuleris
796 366 930 392 manus

264 407 456 445 Nascente
476 407 597 453 Luna,
618 407 758 445 rustica
777 407 954 458 Phidyle,

317 461 357 498 Si
376 466 462 499 ture
479 460 637 510 placaris
656 465 695 499 et
713 461 838 498 horna

373 514 500 563 Fruge
517 514 627 560 lares,
647 514 831 564 avidaque
848 526 963 564 porca
983 527 992 558 3

264 568 346 606 Nec
366 568 603 618 pestilentem
616 568 755 606 sentiet
773 568 948 606 Africum

259 621 439 660 Fecunda
458 621 555 667 vitis,
576 634 646 658 nec
665 621 830 659 sterilem
849 634 955 671 seges

316 675 552 723 Robiginem,
575 680 641 713 aut
660 675 788 712 dulces
809 675 951 712 alumni

366 727 553 766 Pomifero
571 741 688 778 grave
706 734 857 778 tempus
877 741 988 766 anno.

260 782 372 828 Nam,
393 795 488 831 quae
507 782 623 819 nivali
640 781 809 831 pascitur
828 782 971 831 Algido

261 835 414 874 Devota
433 847 592 885 quercus
611 835 712 873 inter
727 840 765 873 et
783 834 899 882 ilices,

316 889 399 927 Aut
419 888 552 927 crescit
570 888 730 926 Albanis
748 889 789 925 in
808 888 946 935 herbis,

366 943 532 980 Victima
549 943 771 992 pontificum
791 954 940 980 secures

264 996 420 1035 Cervice
439 997 590 1044 tinguet
611 1009 619 1033 ε
648 1000 687 1034 te
706 995 802 1033 nihil
817 995 956 1035 attinet

263 1051 428 1089 Tentare
446 1051 567 1088 multa
586 1049 700 1087 caede
717 1049 933 1088 bidentium

318 1104 459 1142 Parvos
478 1109 723 1142 coronantem
743 1103 889 1141 marino

371 1158 475 1195 Rore
494 1157 595 1203 deos,
617 1157 674 1211 fra
702 1157 817 1206 ilique
835 1161 975 1208 myrto·

265 1211 449 1250 Immum‘s
468 1224 570 1248 aram
590 1211 621 1248 si
639 1213 672 1248 t'
711 1211 770 1260 git
789 1223 936 1258 manus,

263 1266 354 1303 Non
374 1270 567 1303 sumtuosa
585 1264 760 1301 blandior
778 1263 901 1302 hostia

317 1319 481 1357 Mollivit
499 1331 649 1356 aversos
669 1318 832 1356 Penates

370 1373 402 1410 F
404 1385 486 1410 arre
505 1372 567 1422 pio
587 1376 626 1410 et
645 1372 806 1410 saliente
823 1371 935 1410 mica.

628 1475 718 1513 Ona
739 1473 888 1513 XXIV.

366 1555 544 1593 INrAcrls
559 1554 774 1605 opulentior

264 1609 466 1648 Thesauris
487 1609 658 1647 Arabum
677 1612 715 1647 et
734 1608 862 1647 divitis
882 1608 1025 1655 Indiae,

373 1663 586 1701 Caementis
600 1663 690 1701 licet
709 1675 869 1712 occupes

265 1716 507 1767 Tyrrhenum
527 1729 638 1755 omne
657 1716 745 1762 tuis,
767 1720 806 1754 et
824 1728 928 1754 mare
946 1714 1153 1767 Apulicum
1172 1728 1182 1753 :

372 1771 412 1808 Si
430 1771 514 1820 figit
534 1770 796 1808 adamantinos

265 1824 428 1863 Summis
447 1825 649 1863 verticibus
668 1824 751 1861 dira
770 1823 985 1861 Necessitas

373 1876 524 1922 Clavos,
545 1890 622 1915 non
641 1877 809 1914 animum
828 1881 945 1923 metu,

262 1931 354 1969 Non
373 1931 506 1969 mortis
523 1931 667 1980 laqueis
686 1930 864 1980 expedies
883 1933 1012 1980 caput.

368 1983 605 2035 Campestres
627 1984 760 2021 melius
781 1983 958 2034 Scythae,

267 2038 437 2085 Quorum
457 2038 625 2088 plaustra
639 2050 754 2086 vagas
772 2038 845 2076 rite
864 2037 1022 2076 trahunt
1041 2035 1184 2082 domos,

369 2092 528 2138 Vivunt,
548 2098 583 2130 et
600 2091 716 2141 rigidi
735 2090 880 2129 Getae:

265 2145 465 2185 Immetata
483 2146 620 2196 quibus
633 2145 772 2195 jugera
789 2145 928 2182 liberas

370 2200 515 2249 Fruges
535 2204 573 2238 et
594 2199 770 2237 Cererem
787 2198 916 2237 ferunt
936 2212 945 2242 ;

263 2253 302 2291 N
304 2266 346 2292 ec
364 2253 512 2291 cultura
529 2253 653 2303 placet
669 2252 819 2301 longior
838 2264 988 2297 annua3

369 2307 679 2357 Defunctumque
696 2306 891 2344 laboribus

265 2361 427 2411 Aequali
445 2365 590 2399 recreat
608 2364 709 2399 sorte
726 2359 902 2398 vicarius.

369 2415 453 2452 Illic
471 2419 592 2452 matre
610 2413 829 2453 carentibus

1296 836 1347 876 10

1297 1104 1346 1143 15

1293 1369 1345 1408 20

1295 2035 1346 2073 10

1295 2304 1344 2343 15
