1414 2666
177 169 229 210 38

635 177 847 208 CARMJNUM
865 177 910 205 n.

272 275 406 316 Otium
425 277 524 315 bello
542 276 682 314 furiosa
695 276 854 322 Thrace,

276 331 406 369 Otium
430 330 547 376 Medi,
563 329 741 380 pharetra
759 329 900 375 decori,

274 384 460 436 Grosphe,
480 397 558 421 non
576 385 745 433 gemmis,
766 395 890 433 neque
908 393 1074 433 purpura
1091 391 1157 418 ve-

479 438 576 483 nale,
597 450 719 487 neque
738 449 842 475 auro.

273 492 363 529 Non
383 491 483 529 enim
501 504 627 540 gazae,
647 504 771 541 neque
790 489 996 529 consularis

273 545 480 583 Submovet
498 546 609 584 lictor
627 546 780 582 miseros
798 544 985 583 tumultus

271 599 426 645 Mentis,
445 606 484 638 et
505 599 624 636 Curas
642 599 816 648 laqueata
834 599 976 636 circum

481 653 600 690 Tecta
617 653 799 690 volantes.

271 706 424 745 Vivitur
438 719 554 756 parvo
569 707 677 753 bene,
698 706 759 743 cui
777 710 978 756 paternum

270 760 454 810 Splendet
472 760 511 797 in
526 773 654 797 mensa
672 759 778 798 tenui
798 759 958 796 salinum
974 771 983 802 ;

266 814 348 851 Nec
367 814 467 850 leves
487 825 636 850 somnos
654 813 768 851 timor
787 817 853 850 aut
872 812 1010 862 cupido

483 866 666 903 Sordidus
681 865 814 903 aufert.

270 920 374 965 Quid
394 920 499 957 brevi
513 920 628 958 fortes
641 919 854 968 jaculamur
873 929 966 955 aevo

269 973 394 1012 Multa
409 974 429 1011 P
457 974 549 1022 quid
567 978 686 1011 terras
706 973 781 1010 alio
800 972 964 1010 calentes

269 1027 357 1066 Sole
379 1032 568 1065 mutamus
587 1027 606 1064 i>
634 1027 778 1076 patriae
798 1026 880 1076 quis
898 1024 1006 1063 exsul

481 1081 529 1118 Se
548 1093 699 1130 quoque
716 1080 816 1129 fugit
830 1079 851 1117 Ρ

270 1134 426 1174 Scandit
441 1139 586 1173 aeratas
605 1134 741 1172 vitiosa
759 1146 875 1171 naves

271 1188 372 1227 Cura
393 1203 402 1234 ;
432 1201 502 1226 neo
521 1194 664 1226 turmas
683 1188 854 1236 equitum
872 1184 1065 1235 relinquit,

266 1242 382 1281 Ocior
401 1243 531 1287 cervis,
553 1247 591 1279 et
610 1246 748 1290 agente
766 1241 914 1278 nimbos

479 1295 595 1333 Ocior
614 1295 731 1332 Euro.

264 1348 406 1387 Laetus
420 1349 460 1385 in
480 1360 655 1398 praesens
675 1348 833 1392 animus,
855 1345 959 1396 quod
973 1345 1074 1385 ultra
1085 1351 1154 1391 est,

269 1402 405 1440 Oderit
423 1415 567 1447 curare,
586 1407 625 1440 et
644 1414 770 1439 amara
788 1400 892 1438 lento

268 1456 471 1506 Temperet
490 1456 579 1493 risu.
635 1455 744 1491 Nihil
762 1459 820 1492 est
839 1454 885 1491 ab
904 1453 1006 1491 omni

480 1509 594 1547 Parte
612 1508 776 1547 beatum.

262 1563 434 1601 Abstulit
453 1563 593 1600 clarum
613 1563 688 1600 cita
705 1574 806 1599 mors
825 1559 1026 1607 Achillem,

263 1617 399 1666 Longa
413 1617 622 1654 Tithonum
640 1615 778 1654 minuit
797 1619 992 1653 senectus:

265 1670 317 1709 Et
336 1671 427 1708 mihi
445 1671 583 1715 forsan,
604 1670 674 1708 tibi
694 1669 798 1719 quod
816 1669 978 1719 negarit,

474 1724 647 1773 Porriget
666 1723 785 1761 Hora.

263 1776 320 1815 Te
337 1790 473 1827 greges
492 1786 644 1816 centum
661 1777 880 1825 Siculaeque
895 1775 1033 1814 circum

264 1830 446 1880 Mugiunt
466 1844 624 1875 vaccae3
655 1831 725 1869 tibi
751 1830 854 1868 tollit
872 1830 1064 1867 hinnitum

262 1884 368 1934 Apta
386 1885 578 1935 quadrigis
597 1897 694 1933 equa
713 1897 722 1928 ;
752 1889 791 1922 te
811 1883 867 1920 bis
885 1883 980 1920 Afro

476 1939 623 1976 Murice
637 1940 781 1976 tinctae

258 1991 440 2030 Vestiunt
459 1992 566 2029 lanae
585 2003 595 2028 t
623 1991 715 2028 mihi
734 2003 849 2041 parva
866 2002 969 2036 rura,
988 1998 1025 2027 et

260 2045 442 2095 Spiritum
461 2046 599 2083 Graiae
618 2051 771 2083 tenuem
791 2056 978 2089 camenae,

261 2099 381 2137 Parca
399 2112 476 2136 non
496 2099 659 2136 mendax
678 2099 798 2143 dedit,
818 2103 858 2135 et
876 2097 1086 2146 malignum

475 2153 660 2203 Sper-nere
675 2152 826 2201 vulgus.

326 2232 414 2270 Om:
436 2232 688 2270 XVIL—Ad
705 2231 952 2269 Maecenatem
971 2232 1171 2280 aeyrotwm.

261 2310 350 2349 CUR
368 2325 428 2349 me
447 2312 607 2362 querelis
626 2311 816 2349 exanimas
834 2310 910 2348 tuis
928 2309 949 2346 Ρ

259 2365 343 2403 Nec
362 2365 420 2402 dis
438 2366 599 2403 amicum
619 2370 688 2411 est,
707 2377 778 2402 nec
796 2363 900 2409 mihi,
920 2368 959 2402 te
979 2362 1083 2411 prius

317 2418 446 2464 Obire,
465 2420 676 2464 Maecenas,
693 2430 862 2456 mearum

1299 543 1350 580 10

1297 809 1346 847 15

1294 1075 1347 1114 20

1295 1343 1349 1381 25

1290 1612 1343 1651 30

1291 1879 1342 1918 35

1288 2147 1340 2185 40
