1475 2712
375 408 426 454 Q.
453 406 689 444 HORATII
718 405 915 446 FLACCI

261 510 1028 584 CARMINUM

534 638 668 669 LIBER
692 639 734 669 11.

286 806 375 845 ODE
402 806 554 845 I.—Ad
570 807 742 845 Asinium
761 806 981 845 Pollionem.

154 899 306 936 MOTUM
325 911 372 936 ex
391 898 547 936 Metello
566 898 718 935 consule
737 897 908 945 civicum,

154 952 326 1001 Bellique
344 964 484 997 causas,
506 956 544 990 et
563 952 665 997 vitia,
688 956 726 990 et
743 951 886 997 modos,

206 1005 433 1054 Ludumque
453 1005 655 1050 Fortunae,
676 1017 884 1054 gravesque

255 1058 471 1107 Principum
489 1058 679 1104 amicitias,
700 1063 738 1096 et
758 1071 861 1095 arma

148 1112 329 1150 Nondum
348 1112 507 1161 expiatis
526 1117 642 1149 uncta
661 1111 867 1158 cruoribus,

151 1165 386 1204 Periculosae
404 1165 556 1214 plenum
576 1177 670 1214 opus
689 1165 802 1210 aleae,

207 1219 376 1264 Traetas‚
397 1223 436 1256 et
454 1219 596 1255 incedis
615 1231 682 1267 per
700 1218 808 1267 ignes

259 1272 480 1322 Suppositos
500 1271 616 1309 cineri
635 1271 780 1309 doloso.

155 1325 329 1363 Paullum
348 1338 498 1363 severae
517 1325 627 1363 Musa
646 1325 862 1374 tragoediae

154 1378 261 1417 Desit
278 1379 455 1417 theatris:
486 1391 584 1424 mox,
606 1379 670 1416 ubi
689 1378 857 1428 publicas

211 1432 289 1469 Res
308 1432 504 1477 ordinaris,
525 1432 669 1481 grande
687 1445 824 1470 munus

264 1486 446 1535 Cecropio
459 1491 605 1536 repetes
625 1485 822 1531 cothurno,

157 1539 311 1588 Insigne
329 1540 480 1578 moestis
498 1538 725 1589 praesidium
743 1539 827 1585 reis,

158 1593 209 1632 Et
230 1593 448 1639 consulenti,
471 1593 604 1639 Pollio,
626 1593 750 1630 curiae
765 1606 791 1641 3,

214 1646 286 1684 Cui
304 1647 431 1684 laurus
449 1652 621 1684 aeternos
633 1646 795 1684 honores

254 1700 468 1737 Dalmatico
487 1700 631 1749 peperit
649 1700 857 1749 triumpho.

157 1754 244 1791 Jam
264 1766 365 1790 nunc
383 1753 520 1791 minaci
538 1765 728 1790 murmure
748 1765 929 1790 cornuum

161 1807 385 1856 Perstringis
404 1819 539 1844 aures:
563 1806 642 1855 jam
661 1807 745 1844 litui
766 1812 937 1856 strepunt
958 1820 967 1844 ε

205 1860 292 1897 Jam
311 1860 437 1909 fulgor
451 1873 638 1897 armorum
657 1859 810 1907 fugaces

264 1913 397 1952 Terret
413 1926 538 1963 equos,
559 1913 803 1962 equitumque
821 1913 958 1951 vultus.

160 1966 308 2004 Audire
325 1980 481 2016 magnos
494 1966 574 2016 jam
592 1967 722 2004 videor
740 1967 853 2005 duces

156 2021 246 2058 Non
263 2021 440 2058 indecoro
459 2021 611 2070 pulvere
629 2021 812 2067 sordidos,

217 2074 269 2112 Et
287 2080 423 2112 cuncta
440 2079 626 2112 terrarum
643 2075 797 2112 subacta

263 2127 417 2165 Praeter
435 2132 598 2165 atrocem
618 2128 783 2165 animum
801 2128 969 2167 Catonis.

161 2183 188 2220 J
190 2194 266 2219 uno
285 2186 323 2220 et
342 2181 498 2219 deorum
516 2181 682 2230 quisquis
702 2182 853 2219 amicior

164 2235 270 2273 Afris
288 2235 410 2273 inulta
428 2239 589 2272 cesserat
606 2235 792 2283 impotens

218 2288 381 2333 Tellure,
395 2288 581 2326 victorum
598 2294 754 2337 nepotes

268 2342 418 2380 Retulit
436 2341 586 2379 inferias
605 2340 627 2379 J
630 2342 828 2391 ugurthae.

167 2395 263 2440 Quis
280 2408 372 2442 non,
391 2395 530 2433 Latino
549 2395 731 2444 sanguine
749 2395 936 2445 pinguior,

170 2448 334 2501 Campus
353 2449 530 2500 sepulcris
548 2449 661 2499 impia
680 2449 820 2500 proelia

1181 1380 1229 1415 10

1186 1650 1202 1683 l
1211 1649 1232 1683 :3

1188 2183 1222 2219 ει7

1192 2451 1243 2487 30
